<?xml version="1.0" encoding="UTF-8"?>
<collection xmlns="http://www.loc.gov/MARC21/slim"
            xmlns:xsi="http://www.w3.org/2001/XMLSchema-instance"
            xmlns:marc="http://www.loc.gov/MARC21/slim"
            xmlns:oai="http://www.openarchives.org/OAI/2.0/"
            xsi:schemaLocation="http://www.loc.gov/MARC21/slim http://www.loc.gov/standards/marcxml/schema/MARC21slim.xsd">
  
  <record xsi:schemaLocation="http://www.loc.gov/MARC21/slim http://www.loc.gov/standards/marcxml/schema/MARC21slim.xsd">
      <leader>00000cam a2200721 a 4500</leader>
      <controlfield tag="FMT">BK</controlfield>
      <controlfield tag="LDR">00000cam a2200721 a 4500</controlfield>
      <controlfield tag="001">003995604</controlfield>
      <controlfield tag="003">OCoLC</controlfield>
      <controlfield tag="005">20140602113831.0</controlfield>
      <controlfield tag="008">140602s2002    miub     b    101 0 eng</controlfield>
      <datafield tag="010" ind1=" " ind2=" ">
         <subfield code="a">2001052838</subfield>
      </datafield>
      <datafield tag="020" ind1=" " ind2=" ">
         <subfield code="a">080102420X (paper)</subfield>
      </datafield>
      <datafield tag="020" ind1=" " ind2=" ">
         <subfield code="a">9780801024207 (paper)</subfield>
      </datafield>
      <datafield tag="035" ind1=" " ind2=" ">
         <subfield code="a">(OCoLC)48473840</subfield>
      </datafield>
      <datafield tag="040" ind1=" " ind2=" ">
         <subfield code="a">DLC</subfield>
         <subfield code="b">eng</subfield>
         <subfield code="c">DLC</subfield>
         <subfield code="d">YDX</subfield>
         <subfield code="d">ZID</subfield>
         <subfield code="d">CKK</subfield>
         <subfield code="d">LVB</subfield>
         <subfield code="d">OCLCQ</subfield>
         <subfield code="d">BAKER</subfield>
         <subfield code="d">NLGGC</subfield>
         <subfield code="d">BTCTA</subfield>
         <subfield code="d">YDXCP</subfield>
         <subfield code="d">OCLCG</subfield>
         <subfield code="d">LMR</subfield>
         <subfield code="d">HEBIS</subfield>
         <subfield code="d">HNW</subfield>
         <subfield code="d">OCLCO</subfield>
         <subfield code="d">OCLCA</subfield>
         <subfield code="d">OCLCQ</subfield>
         <subfield code="d">OCLCA</subfield>
         <subfield code="d">NNU</subfield>
      </datafield>
      <datafield tag="042" ind1=" " ind2=" ">
         <subfield code="a">pcc</subfield>
      </datafield>
      <datafield tag="043" ind1=" " ind2=" ">
         <subfield code="a">a-iq---</subfield>
         <subfield code="a">a-sy---</subfield>
      </datafield>
      <datafield tag="050" ind1="0" ind2="0">
         <subfield code="a">DS67.4</subfield>
         <subfield code="b">.M47 2002</subfield>
      </datafield>
      <datafield tag="082" ind1="0" ind2="0">
         <subfield code="a">935</subfield>
         <subfield code="2">21</subfield>
      </datafield>
      <datafield tag="084" ind1=" " ind2=" ">
         <subfield code="a">11.43</subfield>
         <subfield code="2">bcl</subfield>
      </datafield>
      <datafield tag="245" ind1="0" ind2="0">
         <subfield code="a">Mesopotamia and the Bible :</subfield>
         <subfield code="b">comparative explorations /</subfield>
         <subfield code="c">edited by Mark W. Chavalas and K. Lawson Younger, Jr.</subfield>
      </datafield>
      <datafield tag="260" ind1=" " ind2=" ">
         <subfield code="a">Grand Rapids, Mich. :</subfield>
         <subfield code="b">Baker Academic,</subfield>
         <subfield code="c">©2002.</subfield>
      </datafield>
      <datafield tag="300" ind1=" " ind2=" ">
         <subfield code="a">395 pages :</subfield>
         <subfield code="b">map ;</subfield>
         <subfield code="c">24 cm.</subfield>
      </datafield>
      <datafield tag="336" ind1=" " ind2=" ">
         <subfield code="a">text</subfield>
         <subfield code="b">txt</subfield>
         <subfield code="2">rdacontent</subfield>
      </datafield>
      <datafield tag="337" ind1=" " ind2=" ">
         <subfield code="a">unmediated</subfield>
         <subfield code="b">n</subfield>
         <subfield code="2">rdamedia</subfield>
      </datafield>
      <datafield tag="338" ind1=" " ind2=" ">
         <subfield code="a">volume</subfield>
         <subfield code="b">nc</subfield>
         <subfield code="2">rdacarrier</subfield>
      </datafield>
      <datafield tag="500" ind1=" " ind2=" ">
         <subfield code="a">Based on a conference held Nov. 17, 1995 in Philadelphia, Pa.</subfield>
      </datafield>
      <datafield tag="500" ind1=" " ind2=" ">
         <subfield code="a">ISAW copy is from the Library of Hayim and Miriam Tadmor.</subfield>
         <subfield code="5">NNU</subfield>
      </datafield>
      <datafield tag="504" ind1=" " ind2=" ">
         <subfield code="a">Includes bibliographical references and indexes.</subfield>
      </datafield>
      <datafield tag="505" ind1="0" ind2="0">
         <subfield code="t">Assyriology and biblical studies : a century of tension /</subfield>
         <subfield code="r">Mark W. Chavalas --</subfield>
         <subfield code="t">Quest for Sargon, Pul, and Tiglath-Pileser in the nineteenth century /</subfield>
         <subfield code="r">Steven W. Holloway --</subfield>
         <subfield code="t">Sumer, the Bible, and comparative method : historiography and temple building /</subfield>
         <subfield code="r">Richard E. Averbeck --</subfield>
         <subfield code="t">Syria and northern Mesopotamia to the end of the third millennium BCE /</subfield>
         <subfield code="r">Mark W. Chavalas --</subfield>
         <subfield code="t">Syro-Mesopotamia : the Old Babylonian period /</subfield>
         <subfield code="r">Ronald A. Veenker --</subfield>
         <subfield code="t">Syria to the early second millennium /</subfield>
         <subfield code="r">Victor H. Matthews --</subfield>
         <subfield code="t">Apprehending kidnappers by correspondence at provincial Arrapḫa /</subfield>
         <subfield code="r">David C. Deuel --</subfield>
         <subfield code="t">Bible and Alalakh /</subfield>
         <subfield code="r">Richard S. Hess --</subfield>
         <subfield code="t">Emar : on the road from Harran to Hebron /</subfield>
         <subfield code="r">Daniel E. Fleming --</subfield>
         <subfield code="t">Voices from the dust : the tablets from Ugarit and the Bible /</subfield>
         <subfield code="r">Wayne T. Pitard --</subfield>
         <subfield code="t">Rise of the Aramean states /</subfield>
         <subfield code="r">William Schniedewind --</subfield>
         <subfield code="t">Recent study on Sargon II, King of Assyria : implications for biblical studies /</subfield>
         <subfield code="r">K. Lawson Younger, Jr. --</subfield>
         <subfield code="t">What has Nebuchadnezzar to do with David? : on the Neo-Babylonian period and early Israel /</subfield>
         <subfield code="r">Bill T. Arnold --</subfield>
         <subfield code="t">Eastern Jewish Diaspora under the Babylonians /</subfield>
         <subfield code="r">Edwin Yamauchi.</subfield>
      </datafield>
      <datafield tag="520" ind1=" " ind2=" ">
         <subfield code="a">Mesopotamia and the Bible brings together an international group of esteemed scholars who explore the points of connection between the Bible and its ancient Near Eastern context, specifically upper Mesopotamia and surrounding areas. Each of these scholars seeks to integrate the disciplines of Assyriology and biblical studies, with full respect for the methodologies, contributions, and limitations of each. The result is a fascinating look at ancient Mesopotamia that will be appreciated by students, scholars, and all those interested in the world of the Bible.</subfield>
      </datafield>
      <datafield tag="651" ind1=" " ind2="0">
         <subfield code="a">Iraq</subfield>
         <subfield code="x">History</subfield>
         <subfield code="y">To 634</subfield>
         <subfield code="v">Congresses.</subfield>
      </datafield>
      <datafield tag="630" ind1="0" ind2="0">
         <subfield code="a">Bible.</subfield>
         <subfield code="p">Old Testament</subfield>
         <subfield code="x">Criticism, interpretation, etc.</subfield>
         <subfield code="v">Congresses.</subfield>
      </datafield>
      <datafield tag="651" ind1=" " ind2="0">
         <subfield code="a">Syria</subfield>
         <subfield code="x">History</subfield>
         <subfield code="y">To 333 B.C.</subfield>
         <subfield code="v">Congresses.</subfield>
      </datafield>
      <datafield tag="630" ind1="0" ind2="0">
         <subfield code="a">Bible.</subfield>
         <subfield code="p">Old Testament.</subfield>
         <subfield code="v">Comparative studies</subfield>
         <subfield code="v">Congresses.</subfield>
      </datafield>
      <datafield tag="700" ind1="1" ind2=" ">
         <subfield code="a">Chavalas, Mark W.</subfield>
         <subfield code="q">(Mark William),</subfield>
         <subfield code="d">1954-</subfield>
         <subfield code="e">contributor,</subfield>
         <subfield code="e">editor.</subfield>
      </datafield>
      <datafield tag="700" ind1="1" ind2=" ">
         <subfield code="a">Younger, K. Lawson</subfield>
         <subfield code="e">contributor,</subfield>
         <subfield code="e">editor.</subfield>
      </datafield>
      <datafield tag="796" ind1="1" ind2=" ">
         <subfield code="a">Tadmor, Hayim,</subfield>
         <subfield code="e">former owner.</subfield>
      </datafield>
      <datafield tag="796" ind1="1" ind2=" ">
         <subfield code="a">Tadmor, Miriam,</subfield>
         <subfield code="e">former owner.</subfield>
      </datafield>
      <datafield tag="797" ind1="2" ind2=" ">
         <subfield code="a">Tadmor Collection.</subfield>
      </datafield>
      <datafield tag="994" ind1=" " ind2=" ">
         <subfield code="a">Z0</subfield>
         <subfield code="b">ZYU</subfield>
      </datafield>
      <datafield tag="OWN" ind1=" " ind2=" ">
         <subfield code="a">GENERAL</subfield>
      </datafield>
      <datafield tag="936" ind1=" " ind2=" ">
         <subfield code="a">PR 470040598</subfield>
      </datafield>
      <datafield tag="AVA" ind1=" " ind2=" ">
         <subfield code="a">NYU50</subfield>
         <subfield code="b">NISAW</subfield>
         <subfield code="c">Small Collection</subfield>
         <subfield code="d">DS67.4 .M47 2002</subfield>
         <subfield code="e">available</subfield>
         <subfield code="t">Available</subfield>
         <subfield code="f">1</subfield>
         <subfield code="g">0</subfield>
         <subfield code="h">N</subfield>
         <subfield code="i">0</subfield>
         <subfield code="j">SMALL</subfield>
         <subfield code="k">0</subfield>
      </datafield>
      <marc:datafield tag="852" ind1=" " ind2=" ">
         <marc:subfield code="b">Institute for the Study of the Ancient World, </marc:subfield>
         <marc:subfield code="c">Small Collection</marc:subfield>
         <marc:subfield code="e">15 East 84th St., </marc:subfield>
         <marc:subfield code="e">New York, NY  10028</marc:subfield>
      </marc:datafield>
   </record>