
  
  
  
  
  
  
  
  
 
  
  <record xsi:schemaLocation="http://www.loc.gov/MARC21/slim http://www.loc.gov/standards/marcxml/schema/MARC21slim.xsd">
      <leader>00000cam a2200301 a 45M</leader>
      <controlfield tag="FMT">BK</controlfield>
      <controlfield tag="LDR">00000cam a2200301 a 45M</controlfield>
      <controlfield tag="001">002231825</controlfield>
      <controlfield tag="003">NNU</controlfield>
      <controlfield tag="005">20140602144355.0</controlfield>
      <controlfield tag="008">950330s1994    ne c     b    111 0 eng</controlfield>
      <datafield tag="010" ind1=" " ind2=" ">
         <subfield code="a">94033782</subfield>
      </datafield>
      <datafield tag="020" ind1=" " ind2=" ">
         <subfield code="a">9004101144 (cloth : alk. paper)</subfield>
      </datafield>
      <datafield tag="035" ind1="9" ind2=" ">
         <subfield code="a">NYUb11291160</subfield>
      </datafield>
      <datafield tag="035" ind1=" " ind2=" ">
         <subfield code="a">DCLC9433782-B</subfield>
      </datafield>
      <datafield tag="040" ind1=" " ind2=" ">
         <subfield code="a">DLC</subfield>
         <subfield code="c">DLC</subfield>
         <subfield code="d">DLC</subfield>
         <subfield code="d">NNU</subfield>
      </datafield>
      <datafield tag="050" ind1="0" ind2="0">
         <subfield code="a">DS115.9.J6</subfield>
         <subfield code="b">J65 1994</subfield>
      </datafield>
      <datafield tag="082" ind1="0" ind2="0">
         <subfield code="a">933/.05/092</subfield>
         <subfield code="a">B</subfield>
         <subfield code="2">20</subfield>
      </datafield>
      <datafield tag="245" ind1="0" ind2="0">
         <subfield code="a">Josephus and the history of the Greco-Roman period :</subfield>
         <subfield code="b">essays in memory of Morton Smith /</subfield>
         <subfield code="c">edited by Fausto Parente and Joseph Sievers.</subfield>
      </datafield>
      <datafield tag="260" ind1=" " ind2=" ">
         <subfield code="a">Leiden ;</subfield>
         <subfield code="a">New York :</subfield>
         <subfield code="b">E.J. Brill,</subfield>
         <subfield code="c">1994.</subfield>
      </datafield>
      <datafield tag="300" ind1=" " ind2=" ">
         <subfield code="a">x, 392 p. :</subfield>
         <subfield code="b">port. ;</subfield>
         <subfield code="c">25 cm.</subfield>
      </datafield>
      <datafield tag="490" ind1="1" ind2=" ">
         <subfield code="a">Studia post-Biblica,</subfield>
         <subfield code="x">0169-9717 ;</subfield>
         <subfield code="v">v. 41</subfield>
      </datafield>
      <datafield tag="500" ind1=" " ind2=" ">
         <subfield code="a">Proceedings of the Josephus Colloquium, held Nov. 2-5, 1992, in San Miniato, Italy.</subfield>
      </datafield>
      <datafield tag="500" ind1=" " ind2=" ">
         <subfield code="a">Includes indexes.</subfield>
      </datafield>
      <datafield tag="504" ind1=" " ind2=" ">
         <subfield code="a">Bibliography: p. [339]-371.</subfield>
      </datafield>
      <datafield tag="500" ind1=" " ind2=" ">
         <subfield code="a">ISAW copy is from the Library of Hayim and Miriam Tadmor.</subfield>
         <subfield code="5">NNU</subfield>
      </datafield>
      <datafield tag="505" ind1="0" ind2="0">
         <subfield code="t">Morton Smith and his scholarly achievement /</subfield>
         <subfield code="r">Shaye J.D. Cohen --</subfield>
         <subfield code="g">pt. 1. Philological questions.</subfield>
         <subfield code="t">The politeia of Israel in the Graeco-Roman age /</subfield>
         <subfield code="r">Lucio Troiani --</subfield>
         <subfield code="t">Hioudaios to genos and related expressions in Josephus /</subfield>
         <subfield code="r">Shaye J.D. Cohen --</subfield>
         <subfield code="g">pt. 2. The sources.</subfield>
         <subfield code="t">Josephus' portrayal of the Hasmoneans compared with 1 Maccabees /</subfield>
         <subfield code="r">Louis H. Feldman --</subfield>
         <subfield code="t">Onias III's death and the founding of the temple of Leontopolis /</subfield>
         <subfield code="r">Fausto Parente --</subfield>
         <subfield code="t">Flavius Josephus, historian of Rome /</subfield>
         <subfield code="r">Mireille Hadas-Lebel --</subfield>
         <subfield code="g">pt. 3. Literary and other models.</subfield>
         <subfield code="t">Amalek in the writings of Josephus /</subfield>
         <subfield code="r">Johann Maier --</subfield>
         <subfield code="t">John Hyrcanus I as seen by Josephus and other early Jewish sources /</subfield>
         <subfield code="r">Clemens Thoma --</subfield>
         <subfield code="t">Ciò che Flavio Giuseppe vide : Josephus and the Essenes /</subfield>
         <subfield code="r">Tessa Rajak --</subfield>
         <subfield code="t">Josephus, Daniel, and the Flavian house /</subfield>
         <subfield code="r">Steve Mason --</subfield>
         <subfield code="g">pt. 4. History and topography.</subfield>
         <subfield code="t">Jerusalem, the Akra, and Josephus /</subfield>
         <subfield code="r">Joseph Sievers --</subfield>
         <subfield code="t">Josephus on Hyrcanus II /</subfield>
         <subfield code="r">Daniel R. Schwartz --</subfield>
         <subfield code="t">Josephus' description of the Jerusalem temple : War, Antiquities, and other sources /</subfield>
         <subfield code="r">Lee I. Levine --</subfield>
         <subfield code="t">Geographical excursuses in Josephus /</subfield>
         <subfield code="r">Per Bilde --</subfield>
         <subfield code="g">pt. 5. Views of the war.</subfield>
         <subfield code="t">Josephus' action in Galilee during the Jewish war /</subfield>
         <subfield code="r">Giorgio Jossa --</subfield>
         <subfield code="t">Where was Josephus lying--in his Life or in the War? /</subfield>
         <subfield code="r">Uriel Rappaport --</subfield>
         <subfield code="t">Josephus in Galilee : rural patronage and social breakdown /</subfield>
         <subfield code="r">Seth Schwartz --</subfield>
         <subfield code="g">pt. 6. Aspects of Josephus' biography.</subfield>
         <subfield code="t">Imagining some dark periods in Josephus' life /</subfield>
         <subfield code="r">Gohei Hata --</subfield>
         <subfield code="t">Josephus as Roman citizen /</subfield>
         <subfield code="r">Martin Goodman.</subfield>
      </datafield>
      <datafield tag="600" ind1="1" ind2="0">
         <subfield code="a">Josephus, Flavius</subfield>
         <subfield code="v">Congresses.</subfield>
      </datafield>
      <datafield tag="650" ind1=" " ind2="0">
         <subfield code="a">Jews</subfield>
         <subfield code="x">History</subfield>
         <subfield code="y">168 B.C.-135 A.D.</subfield>
         <subfield code="x">Historiography</subfield>
         <subfield code="v">Congresses.</subfield>
      </datafield>
      <datafield tag="600" ind1="1" ind2="0">
         <subfield code="a">Smith, Morton,</subfield>
         <subfield code="d">1915-1991.</subfield>
      </datafield>
      <datafield tag="700" ind1="1" ind2=" ">
         <subfield code="a">Smith, Morton,</subfield>
         <subfield code="d">1915-1991,</subfield>
         <subfield code="e">honoree.</subfield>
      </datafield>
      <datafield tag="700" ind1="1" ind2=" ">
         <subfield code="a">Parente, Fausto</subfield>
         <subfield code="e">ed.</subfield>
      </datafield>
      <datafield tag="700" ind1="1" ind2=" ">
         <subfield code="a">Sievers, Joseph</subfield>
         <subfield code="e">ed.</subfield>
      </datafield>
      <datafield tag="711" ind1="2" ind2=" ">
         <subfield code="a">Josephus Colloquium</subfield>
         <subfield code="d">(1992 :</subfield>
         <subfield code="c">San Miniato, Italy)</subfield>
      </datafield>
      <datafield tag="796" ind1="1" ind2=" ">
         <subfield code="a">Tadmor, Hayim,</subfield>
         <subfield code="e">former owner.</subfield>
      </datafield>
      <datafield tag="796" ind1="1" ind2=" ">
         <subfield code="a">Tadmor, Miriam,</subfield>
         <subfield code="e">former owner.</subfield>
      </datafield>
      <datafield tag="797" ind1="2" ind2=" ">
         <subfield code="a">Tadmor Collection.</subfield>
      </datafield>
      <datafield tag="830" ind1=" " ind2="0">
         <subfield code="a">Studia post-Biblica ;</subfield>
         <subfield code="v">v. 41.</subfield>
      </datafield>
      <datafield tag="OWN" ind1=" " ind2=" ">
         <subfield code="a">GENERAL</subfield>
      </datafield>
      <datafield tag="AVA" ind1=" " ind2=" ">
         <subfield code="a">NYU50</subfield>
         <subfield code="b">BOBST</subfield>
         <subfield code="c">Main Collection</subfield>
         <subfield code="d">DS115.9.J6 J65 1994</subfield>
         <subfield code="e">unavailable</subfield>
         <subfield code="t">Unavailable</subfield>
         <subfield code="f">1</subfield>
         <subfield code="g">1</subfield>
         <subfield code="h">N</subfield>
         <subfield code="i">1</subfield>
         <subfield code="j">MAIN</subfield>
         <subfield code="k">0</subfield>
      </datafield>
      <datafield tag="AVA" ind1=" " ind2=" ">
         <subfield code="a">NYU50</subfield>
         <subfield code="b">NISAW</subfield>
         <subfield code="c">Small Collection</subfield>
         <subfield code="d">DS115.9.J6 J65 1994</subfield>
         <subfield code="e">available</subfield>
         <subfield code="t">Available</subfield>
         <subfield code="f">1</subfield>
         <subfield code="g">0</subfield>
         <subfield code="h">N</subfield>
         <subfield code="i">0</subfield>
         <subfield code="j">SMALL</subfield>
         <subfield code="k">0</subfield>
      </datafield>
      <marc:datafield tag="852" ind1=" " ind2=" ">
         <marc:subfield code="b">Institute for the Study of the Ancient World, </marc:subfield>
         <marc:subfield code="c">Small Collection</marc:subfield>
         <marc:subfield code="e">15 East 84th St., </marc:subfield>
         <marc:subfield code="e">New York, NY  10028</marc:subfield>
      </marc:datafield>
   </record>