
  
  
  
  
  
 
  
  <record xsi:schemaLocation="http://www.loc.gov/MARC21/slim http://www.loc.gov/standards/marcxml/schema/MARC21slim.xsd">
      <leader>00000cam a2200505 i 4500</leader>
      <controlfield tag="FMT">BK</controlfield>
      <controlfield tag="LDR">00000cam a2200505 i 4500</controlfield>
      <controlfield tag="001">003964418</controlfield>
      <controlfield tag="003">OCoLC</controlfield>
      <controlfield tag="005">20140603145934.0</controlfield>
      <controlfield tag="008">140311s2014    ne bef   b    001 0 eng</controlfield>
      <datafield tag="010" ind1=" " ind2=" ">
         <subfield code="a">2013037762</subfield>
      </datafield>
      <datafield tag="016" ind1="7" ind2=" ">
         <subfield code="a">016148447</subfield>
         <subfield code="2">Uk</subfield>
      </datafield>
      <datafield tag="020" ind1=" " ind2=" ">
         <subfield code="a">9789004228450 (hardback : acid-free paper)</subfield>
      </datafield>
      <datafield tag="020" ind1=" " ind2=" ">
         <subfield code="a">9004228454 (hardback : acid-free paper)</subfield>
      </datafield>
      <datafield tag="020" ind1=" " ind2=" ">
         <subfield code="z">9789004229433 (e-book)</subfield>
      </datafield>
      <datafield tag="035" ind1=" " ind2=" ">
         <subfield code="a">(OCoLC)794034490</subfield>
      </datafield>
      <datafield tag="040" ind1=" " ind2=" ">
         <subfield code="a">DLC</subfield>
         <subfield code="b">eng</subfield>
         <subfield code="e">rda</subfield>
         <subfield code="c">DLC</subfield>
         <subfield code="d">BTCTA</subfield>
         <subfield code="d">YDXCP</subfield>
         <subfield code="d">UKMGB</subfield>
         <subfield code="d">ERASA</subfield>
         <subfield code="d">QGK</subfield>
         <subfield code="d">CDX</subfield>
         <subfield code="d">OHX</subfield>
         <subfield code="d">CGU</subfield>
         <subfield code="d">NNU</subfield>
      </datafield>
      <datafield tag="042" ind1=" " ind2=" ">
         <subfield code="a">pcc</subfield>
      </datafield>
      <datafield tag="043" ind1=" " ind2=" ">
         <subfield code="a">a-sy---</subfield>
      </datafield>
      <datafield tag="050" ind1="0" ind2="0">
         <subfield code="a">DS94.8.S94</subfield>
         <subfield code="b">A73 2014</subfield>
      </datafield>
      <datafield tag="072" ind1=" " ind2="7">
         <subfield code="a">DS</subfield>
         <subfield code="2">lcco</subfield>
      </datafield>
      <datafield tag="082" ind1="0" ind2="0">
         <subfield code="a">939.4/3004922</subfield>
         <subfield code="2">23</subfield>
      </datafield>
      <datafield tag="245" ind1="0" ind2="4">
         <subfield code="a">The Aramaeans in ancient Syria /</subfield>
         <subfield code="c">edited by Herbert Niehr.</subfield>
      </datafield>
      <datafield tag="264" ind1=" " ind2="1">
         <subfield code="a">Leiden ;</subfield>
         <subfield code="a">Boston :</subfield>
         <subfield code="b">Brill,</subfield>
         <subfield code="c">2014.</subfield>
      </datafield>
      <datafield tag="300" ind1=" " ind2=" ">
         <subfield code="a">xxiv, 462 pages, 44 unnumbered pages of plates :</subfield>
         <subfield code="b">illustrations, maps (1 color), plans ;</subfield>
         <subfield code="c">25 cm.</subfield>
      </datafield>
      <datafield tag="336" ind1=" " ind2=" ">
         <subfield code="a">text</subfield>
         <subfield code="2">rdacontent</subfield>
      </datafield>
      <datafield tag="337" ind1=" " ind2=" ">
         <subfield code="a">unmediated</subfield>
         <subfield code="2">rdamedia</subfield>
      </datafield>
      <datafield tag="338" ind1=" " ind2=" ">
         <subfield code="a">volume</subfield>
         <subfield code="2">rdacarrier</subfield>
      </datafield>
      <datafield tag="490" ind1="1" ind2=" ">
         <subfield code="a">Handbook of oriental studies. Section 1, Ancient Near East =</subfield>
         <subfield code="a">Handbuch der Orientalistik,</subfield>
         <subfield code="x">0169-9423 ;</subfield>
         <subfield code="v">volume 106</subfield>
      </datafield>
      <datafield tag="500" ind1=" " ind2=" ">
         <subfield code="a">Includes indexes.</subfield>
      </datafield>
      <datafield tag="504" ind1=" " ind2=" ">
         <subfield code="a">Bibliography: pages [403]-451.</subfield>
      </datafield>
      <datafield tag="505" ind1="0" ind2="0">
         <subfield code="g">I.</subfield>
         <subfield code="t">Introduction /</subfield>
         <subfield code="r">Herbert Niehr --</subfield>
         <subfield code="g">II.</subfield>
         <subfield code="t">History /</subfield>
         <subfield code="r">Hélène Sader --</subfield>
         <subfield code="g">III.</subfield>
         <subfield code="t">Society, institutions, law, and economy /</subfield>
         <subfield code="r">Dagmar Kühn --</subfield>
         <subfield code="g">IV.</subfield>
         <subfield code="t">Language and script /</subfield>
         <subfield code="r">Holger Gzella --</subfield>
         <subfield code="g">V.</subfield>
         <subfield code="t">Literature /</subfield>
         <subfield code="r">Paolo Merlo --</subfield>
         <subfield code="g">VI.</subfield>
         <subfield code="t">Religion /</subfield>
         <subfield code="r">Herbert Niehr --</subfield>
         <subfield code="g">VII.</subfield>
         <subfield code="t">Art /</subfield>
         <subfield code="r">Dominik Bonatz --</subfield>
         <subfield code="g">VIII.</subfield>
         <subfield code="t">Architecture /</subfield>
         <subfield code="r">Mirko Novák --</subfield>
         <subfield code="g">IX.</subfield>
         <subfield code="t">Aramaeans outside of Syria.</subfield>
         <subfield code="t">Assyria /</subfield>
         <subfield code="r">Martti Nissinen --</subfield>
         <subfield code="t">Babylonia /</subfield>
         <subfield code="r">Michael P. Streck --</subfield>
         <subfield code="t">Anatolia /</subfield>
         <subfield code="r">André Lemaire --</subfield>
         <subfield code="t">Phoenicia /</subfield>
         <subfield code="r">Herbert Niehr --</subfield>
         <subfield code="t">Palestine /</subfield>
         <subfield code="r">Angelika Berlejung --</subfield>
         <subfield code="t">Egypt /</subfield>
         <subfield code="r">Alejandro F. Botta --</subfield>
         <subfield code="t">Northern Arabia /</subfield>
         <subfield code="r">Herbert Niehr --</subfield>
         <subfield code="g">X.</subfield>
         <subfield code="t">Aramaean heritage /</subfield>
         <subfield code="r">John F. Healey.</subfield>
      </datafield>
      <datafield tag="650" ind1=" " ind2="0">
         <subfield code="a">Arameans</subfield>
         <subfield code="z">Syria</subfield>
         <subfield code="x">History.</subfield>
      </datafield>
      <datafield tag="650" ind1=" " ind2="0">
         <subfield code="a">Arameans</subfield>
         <subfield code="z">Syria</subfield>
         <subfield code="x">Social life and customs.</subfield>
      </datafield>
      <datafield tag="651" ind1=" " ind2="0">
         <subfield code="a">Syria</subfield>
         <subfield code="x">History</subfield>
         <subfield code="y">To 333 B.C.</subfield>
      </datafield>
      <datafield tag="651" ind1=" " ind2="0">
         <subfield code="a">Syria</subfield>
         <subfield code="x">Civilization.</subfield>
      </datafield>
      <datafield tag="700" ind1="1" ind2=" ">
         <subfield code="a">Niehr, Herbert</subfield>
         <subfield code="e">contributor,</subfield>
         <subfield code="e">editor of compilation.</subfield>
      </datafield>
      <datafield tag="830" ind1=" " ind2="0">
         <subfield code="a">Handbook of Oriental studies.</subfield>
         <subfield code="n">Section 1,</subfield>
         <subfield code="p">Ancient Near East ;</subfield>
         <subfield code="v">v. 106.</subfield>
      </datafield>
      <datafield tag="OWN" ind1=" " ind2=" ">
         <subfield code="a">GENERAL</subfield>
      </datafield>
      <datafield tag="AVA" ind1=" " ind2=" ">
         <subfield code="a">NYU50</subfield>
         <subfield code="b">BOBST</subfield>
         <subfield code="c">Main Collection</subfield>
         <subfield code="d">DS94.8.S94 A73 2014</subfield>
         <subfield code="e">available</subfield>
         <subfield code="t">Available</subfield>
         <subfield code="f">1</subfield>
         <subfield code="g">0</subfield>
         <subfield code="h">N</subfield>
         <subfield code="i">0</subfield>
         <subfield code="j">MAIN</subfield>
         <subfield code="k">0</subfield>
      </datafield>
      <datafield tag="AVA" ind1=" " ind2=" ">
         <subfield code="a">NYU50</subfield>
         <subfield code="b">NISAW</subfield>
         <subfield code="c">Small Collection</subfield>
         <subfield code="d">DS94.8.S94 A73 2014</subfield>
         <subfield code="e">available</subfield>
         <subfield code="t">Available</subfield>
         <subfield code="f">1</subfield>
         <subfield code="g">0</subfield>
         <subfield code="h">N</subfield>
         <subfield code="i">0</subfield>
         <subfield code="j">SMALL</subfield>
         <subfield code="k">0</subfield>
      </datafield>
      <marc:datafield tag="852" ind1=" " ind2=" ">
         <marc:subfield code="b">Institute for the Study of the Ancient World, </marc:subfield>
         <marc:subfield code="c">Small Collection</marc:subfield>
         <marc:subfield code="e">15 East 84th St., </marc:subfield>
         <marc:subfield code="e">New York, NY  10028</marc:subfield>
      </marc:datafield>
   </record>