
  
  
  
  
  
  
 
  
  <record xsi:schemaLocation="http://www.loc.gov/MARC21/slim http://www.loc.gov/standards/marcxml/schema/MARC21slim.xsd">
      <leader>00000cam a2200757 i 4500</leader>
      <controlfield tag="FMT">BK</controlfield>
      <controlfield tag="LDR">00000cam a2200757 i 4500</controlfield>
      <controlfield tag="001">003996072</controlfield>
      <controlfield tag="003">OCoLC</controlfield>
      <controlfield tag="005">20140604105514.0</controlfield>
      <controlfield tag="008">140604t20142014enkabe   b    001 0 eng</controlfield>
      <datafield tag="010" ind1=" " ind2=" ">
         <subfield code="a">2013029872</subfield>
      </datafield>
      <datafield tag="020" ind1=" " ind2=" ">
         <subfield code="a">9781444339529 (hardback)</subfield>
      </datafield>
      <datafield tag="020" ind1=" " ind2=" ">
         <subfield code="a">1444339524 (hardback)</subfield>
      </datafield>
      <datafield tag="020" ind1=" " ind2=" ">
         <subfield code="z">9781118609965 (Wol)</subfield>
      </datafield>
      <datafield tag="020" ind1=" " ind2=" ">
         <subfield code="z">9781118610046 (Bro)</subfield>
      </datafield>
      <datafield tag="020" ind1=" " ind2=" ">
         <subfield code="z">9781118610053 (ePUB)</subfield>
      </datafield>
      <datafield tag="020" ind1=" " ind2=" ">
         <subfield code="z">9781118610138 (Mb)</subfield>
      </datafield>
      <datafield tag="020" ind1=" " ind2=" ">
         <subfield code="z">9781118610862 (ePDF)</subfield>
      </datafield>
      <datafield tag="035" ind1=" " ind2=" ">
         <subfield code="a">(OCoLC)830369552</subfield>
      </datafield>
      <datafield tag="040" ind1=" " ind2=" ">
         <subfield code="a">DLC</subfield>
         <subfield code="b">eng</subfield>
         <subfield code="e">rda</subfield>
         <subfield code="c">DLC</subfield>
         <subfield code="d">YDXCP</subfield>
         <subfield code="d">ERASA</subfield>
         <subfield code="d">OCLCO</subfield>
         <subfield code="d">BDX</subfield>
         <subfield code="d">CDX</subfield>
         <subfield code="d">OCLCF</subfield>
         <subfield code="d">TKN</subfield>
         <subfield code="d">ORC</subfield>
         <subfield code="d">OCLCA</subfield>
         <subfield code="d">NNU</subfield>
      </datafield>
      <datafield tag="042" ind1=" " ind2=" ">
         <subfield code="a">pcc</subfield>
      </datafield>
      <datafield tag="043" ind1=" " ind2=" ">
         <subfield code="a">e-gr---</subfield>
         <subfield code="a">aw-----</subfield>
         <subfield code="a">e------</subfield>
         <subfield code="a">ff-----</subfield>
      </datafield>
      <datafield tag="050" ind1="0" ind2="0">
         <subfield code="a">GV21</subfield>
         <subfield code="b">.C66 2014</subfield>
      </datafield>
      <datafield tag="082" ind1="0" ind2="0">
         <subfield code="a">796/.0938</subfield>
         <subfield code="2">23</subfield>
      </datafield>
      <datafield tag="084" ind1=" " ind2=" ">
         <subfield code="a">LIT004190</subfield>
         <subfield code="2">bisacsh</subfield>
      </datafield>
      <datafield tag="245" ind1="0" ind2="2">
         <subfield code="a">A companion to sport and spectacle in Greek and Roman antiquity /</subfield>
         <subfield code="c">edited by Paul Christesen and Donald G. Kyle.</subfield>
      </datafield>
      <datafield tag="264" ind1=" " ind2="1">
         <subfield code="a">Chichester, West Sussex, UK ;</subfield>
         <subfield code="a">Malden, MA :</subfield>
         <subfield code="b">Wiley Blackwell,</subfield>
         <subfield code="c">2014.</subfield>
      </datafield>
      <datafield tag="264" ind1=" " ind2="4">
         <subfield code="c">©2014</subfield>
      </datafield>
      <datafield tag="300" ind1=" " ind2=" ">
         <subfield code="a">xx, 658 pages :</subfield>
         <subfield code="b">illustrations, maps, plans ;</subfield>
         <subfield code="c">25 cm.</subfield>
      </datafield>
      <datafield tag="336" ind1=" " ind2=" ">
         <subfield code="a">text</subfield>
         <subfield code="2">rdacontent</subfield>
      </datafield>
      <datafield tag="337" ind1=" " ind2=" ">
         <subfield code="a">unmediated</subfield>
         <subfield code="2">rdamedia</subfield>
      </datafield>
      <datafield tag="338" ind1=" " ind2=" ">
         <subfield code="a">volume</subfield>
         <subfield code="2">rdacarrier</subfield>
      </datafield>
      <datafield tag="490" ind1="1" ind2=" ">
         <subfield code="a">Blackwell companions to the ancient world. Literature and culture</subfield>
      </datafield>
      <datafield tag="504" ind1=" " ind2=" ">
         <subfield code="a">Includes bibliographical references and index.</subfield>
      </datafield>
      <datafield tag="505" ind1="0" ind2="0">
         <subfield code="t">General introduction /</subfield>
         <subfield code="r">Paul Christesen, Donald G. Kyle --</subfield>
         <subfield code="g">section I. Greece.</subfield>
         <subfield code="t">Greek athletic competitions : the ancient olympics and more /</subfield>
         <subfield code="r">Donald G. Kyle --</subfield>
         <subfield code="t">Sport in the Aegean Bronze Age /</subfield>
         <subfield code="r">Jeremy Rutter --</subfield>
         <subfield code="t">Sport in the Early Iron Age and Homeric epic /</subfield>
         <subfield code="r">Timothy P.J. Perry --</subfield>
         <subfield code="t">Representations of sport in Greek literature /</subfield>
         <subfield code="r">Nigel Nicholson --</subfield>
         <subfield code="t">Picturing victory : representations of sport in Greek art /</subfield>
         <subfield code="r">Jenifer Neils --</subfield>
         <subfield code="t">Inscriptions as evidence for Greek sport /</subfield>
         <subfield code="r">H.W. Pleket --</subfield>
         <subfield code="t">Recent trends in the study of Greek sport /</subfield>
         <subfield code="r">Ingomar Weiler --</subfield>
         <subfield code="t">Panhellenic athletics at Olympia /</subfield>
         <subfield code="r">Thomas Heine Nielsen --</subfield>
         <subfield code="t">Sport and society in Sparta /</subfield>
         <subfield code="r">Paul Christesen --</subfield>
         <subfield code="t">Sport, society, and politics in Athens /</subfield>
         <subfield code="r">Donald G. Kyle --</subfield>
         <subfield code="t">Athletic festivals in the northern Peloponnese and central Greece /</subfield>
         <subfield code="r">David Gilman Romano --</subfield>
         <subfield code="t">Sport and society in the Greek West /</subfield>
         <subfield code="r">Carla M. Antonaccio --</subfield>
         <subfield code="t">Sport and democratization in Ancient Greece (with an excursus on athletic nudity) /</subfield>
         <subfield code="r">Paul Christesen --</subfield>
         <subfield code="t">Growing up with Greek sport : education and athletics /</subfield>
         <subfield code="r">Werner Petermandl --</subfield>
         <subfield code="t">Eros and Greek sport /</subfield>
         <subfield code="r">Andrew and Lear --</subfield>
         <subfield code="t">Greek female sport : rites, running, and racing /</subfield>
         <subfield code="r">Donald G. Kyle --</subfield>
         <subfield code="t">People on the fringes of Greek sport /</subfield>
         <subfield code="r">Christian Mann --</subfield>
         <subfield code="t">Greek stadium as a reflection of a changing society /</subfield>
         <subfield code="r">Stephen G. Miller --</subfield>
         <subfield code="t">Social life of Greek athletic facilities (other than stadia) /</subfield>
         <subfield code="r">Michael Scott --</subfield>
         <subfield code="t">Role of religion in Greek sport /</subfield>
         <subfield code="r">Sarah C. Murray --</subfield>
         <subfield code="t">Ancient critics of Greek sport /</subfield>
         <subfield code="r">Zinon Papakonstantinou --</subfield>
         <subfield code="t">Sport, spectacle, and society in ancient Macedonia /</subfield>
         <subfield code="r">Winthrop Lindsay Adams --</subfield>
         <subfield code="t">Greek sport in Egypt : status symbol and lifestyle /</subfield>
         <subfield code="r">Sofie Remijsen --</subfield>
         <subfield code="t">Sport in Hellenistic and Roman Asia Minor /</subfield>
         <subfield code="r">H.W. Pleket --</subfield>
      </datafield>
      <datafield tag="505" ind1="0" ind2="0">
         <subfield code="g">section II. Rome.</subfield>
         <subfield code="t">Overview of Roman spectacle /</subfield>
         <subfield code="r">Roger Dunkle --</subfield>
         <subfield code="t">Etruscan sport /</subfield>
         <subfield code="r">Giampiero Bevagna --</subfield>
         <subfield code="t">Writing arenas : Roman authors and their games /</subfield>
         <subfield code="r">Zara Martirosova Torlone --</subfield>
         <subfield code="t">Representations of spectacle and sport in Roman art /</subfield>
         <subfield code="r">Steven L. Tuck --</subfield>
         <subfield code="t">Material evidence for Roman spectacle and sport /</subfield>
         <subfield code="r">Gregory S. Aldrete --</subfield>
         <subfield code="t">Trends in the study of Roman spectacle and sport /</subfield>
         <subfield code="r">Jerry Toner --</subfield>
         <subfield code="t">Gladiatorial combat as alluring spectacle /</subfield>
         <subfield code="r">Garrett G. Fagan --</subfield>
         <subfield code="t">Women with swords : female gladiators in the Roman world /</subfield>
         <subfield code="r">Stephen Brunet --</subfield>
         <subfield code="t">Roman chariot racing : charioteers, factions, spectators /</subfield>
         <subfield code="r">Sinclair Bell --</subfield>
         <subfield code="t">Roman beast hunts /</subfield>
         <subfield code="r">Chris Epplett --</subfield>
         <subfield code="t">Spectacular executions in the Roman world /</subfield>
         <subfield code="r">Chris Epplett --</subfield>
         <subfield code="t">Greek sports in Rome /</subfield>
         <subfield code="r">Hugh M. Lee --</subfield>
         <subfield code="t">Amphitheaters in the Roman world /</subfield>
         <subfield code="r">Hazel Dodge --</subfield>
         <subfield code="t">Venues for spectacle and sport (other than amphitheaters) in the Roman world /</subfield>
         <subfield code="r">Hazel Dodge --</subfield>
         <subfield code="t">People on the margins of Roman spectacle /</subfield>
         <subfield code="r">Rose MacLean --</subfield>
         <subfield code="t">Religion and Roman spectacle /</subfield>
         <subfield code="r">John Zaleski --</subfield>
         <subfield code="t">Ancient critics of Roman spectacle and sport /</subfield>
         <subfield code="r">Kathryn Mammel --</subfield>
         <subfield code="t">Romantization through spectacle in the Greek East /</subfield>
         <subfield code="r">Michael J. Carter --</subfield>
         <subfield code="t">Spectacle and sport in Constantinople in the sixth century CE /</subfield>
         <subfield code="r">David Alan Parnell.</subfield>
      </datafield>
      <datafield tag="650" ind1=" " ind2="0">
         <subfield code="a">Sports</subfield>
         <subfield code="z">Greece</subfield>
         <subfield code="x">History.</subfield>
      </datafield>
      <datafield tag="650" ind1=" " ind2="0">
         <subfield code="a">Sports</subfield>
         <subfield code="z">Rome</subfield>
         <subfield code="x">History.</subfield>
      </datafield>
      <datafield tag="650" ind1=" " ind2="0">
         <subfield code="a">Sports</subfield>
         <subfield code="x">Social aspects</subfield>
         <subfield code="z">Greece</subfield>
         <subfield code="x">History.</subfield>
      </datafield>
      <datafield tag="650" ind1=" " ind2="0">
         <subfield code="a">Sports</subfield>
         <subfield code="x">Social aspects</subfield>
         <subfield code="z">Rome</subfield>
         <subfield code="x">History.</subfield>
      </datafield>
      <datafield tag="651" ind1=" " ind2="0">
         <subfield code="a">Greece</subfield>
         <subfield code="x">Social life and customs.</subfield>
      </datafield>
      <datafield tag="651" ind1=" " ind2="0">
         <subfield code="a">Rome</subfield>
         <subfield code="x">Social life and customs.</subfield>
      </datafield>
      <datafield tag="651" ind1=" " ind2="0">
         <subfield code="a">Greece</subfield>
         <subfield code="x">Social conditions</subfield>
         <subfield code="y">To 146 B.C.</subfield>
      </datafield>
      <datafield tag="651" ind1=" " ind2="0">
         <subfield code="a">Rome</subfield>
         <subfield code="x">Social conditions.</subfield>
      </datafield>
      <datafield tag="650" ind1=" " ind2="7">
         <subfield code="a">Manners and customs.</subfield>
         <subfield code="2">fast</subfield>
         <subfield code="0">(OCoLC)fst01007815</subfield>
      </datafield>
      <datafield tag="650" ind1=" " ind2="7">
         <subfield code="a">Social history.</subfield>
         <subfield code="2">fast</subfield>
         <subfield code="0">(OCoLC)fst01122498</subfield>
      </datafield>
      <datafield tag="650" ind1=" " ind2="7">
         <subfield code="a">Sports.</subfield>
         <subfield code="2">fast</subfield>
         <subfield code="0">(OCoLC)fst01130432</subfield>
      </datafield>
      <datafield tag="650" ind1=" " ind2="7">
         <subfield code="a">Sports</subfield>
         <subfield code="x">Social aspects.</subfield>
         <subfield code="2">fast</subfield>
         <subfield code="0">(OCoLC)fst01130525</subfield>
      </datafield>
      <datafield tag="651" ind1=" " ind2="7">
         <subfield code="a">Greece.</subfield>
         <subfield code="2">fast</subfield>
         <subfield code="0">(OCoLC)fst01208380</subfield>
      </datafield>
      <datafield tag="651" ind1=" " ind2="7">
         <subfield code="a">Rome (Empire)</subfield>
         <subfield code="2">fast</subfield>
         <subfield code="0">(OCoLC)fst01204885</subfield>
      </datafield>
      <datafield tag="648" ind1=" " ind2="7">
         <subfield code="a">To 146 B.C.</subfield>
         <subfield code="2">fast</subfield>
      </datafield>
      <datafield tag="655" ind1=" " ind2="7">
         <subfield code="a">History.</subfield>
         <subfield code="2">fast</subfield>
         <subfield code="0">(OCoLC)fst01411628</subfield>
      </datafield>
      <datafield tag="700" ind1="1" ind2=" ">
         <subfield code="a">Christesen, Paul,</subfield>
         <subfield code="d">1966-</subfield>
         <subfield code="e">contributor,</subfield>
         <subfield code="e">editor of compilation.</subfield>
      </datafield>
      <datafield tag="700" ind1="1" ind2=" ">
         <subfield code="a">Kyle, Donald G.</subfield>
         <subfield code="e">contributor,</subfield>
         <subfield code="e">editor of compilation.</subfield>
      </datafield>
      <datafield tag="830" ind1=" " ind2="0">
         <subfield code="a">Blackwell companions to the ancient world.</subfield>
         <subfield code="p">Literature and culture.</subfield>
      </datafield>
      <datafield tag="994" ind1=" " ind2=" ">
         <subfield code="a">Z0</subfield>
         <subfield code="b">ZYU</subfield>
      </datafield>
      <datafield tag="OWN" ind1=" " ind2=" ">
         <subfield code="a">GENERAL</subfield>
      </datafield>
      <datafield tag="936" ind1=" " ind2=" ">
         <subfield code="a">PR 871069347</subfield>
      </datafield>
      <datafield tag="AVA" ind1=" " ind2=" ">
         <subfield code="a">NYU50</subfield>
         <subfield code="b">BOBST</subfield>
         <subfield code="c">Main Collection</subfield>
         <subfield code="e">unavailable</subfield>
         <subfield code="t">Unavailable</subfield>
         <subfield code="f">1</subfield>
         <subfield code="g">1</subfield>
         <subfield code="h">N</subfield>
         <subfield code="i">0</subfield>
         <subfield code="j">MAIN</subfield>
         <subfield code="k">0</subfield>
      </datafield>
      <datafield tag="AVA" ind1=" " ind2=" ">
         <subfield code="a">NYU50</subfield>
         <subfield code="b">NISAW</subfield>
         <subfield code="c">Small Collection</subfield>
         <subfield code="d">GV21 .C66 2014</subfield>
         <subfield code="e">available</subfield>
         <subfield code="t">Available</subfield>
         <subfield code="f">1</subfield>
         <subfield code="g">0</subfield>
         <subfield code="h">N</subfield>
         <subfield code="i">0</subfield>
         <subfield code="j">SMALL</subfield>
         <subfield code="k">0</subfield>
      </datafield>
      <marc:datafield tag="852" ind1=" " ind2=" ">
         <marc:subfield code="b">Institute for the Study of the Ancient World, </marc:subfield>
         <marc:subfield code="c">Small Collection</marc:subfield>
         <marc:subfield code="e">15 East 84th St., </marc:subfield>
         <marc:subfield code="e">New York, NY  10028</marc:subfield>
      </marc:datafield>
   </record>