
  
  
  
  
  
 
  
  <record xsi:schemaLocation="http://www.loc.gov/MARC21/slim http://www.loc.gov/standards/marcxml/schema/MARC21slim.xsd">
      <leader>00000cam a2200589 a 4500</leader>
      <controlfield tag="FMT">BK</controlfield>
      <controlfield tag="LDR">00000cam a2200589 a 4500</controlfield>
      <controlfield tag="001">003996146</controlfield>
      <controlfield tag="003">OCoLC</controlfield>
      <controlfield tag="005">20140604144408.0</controlfield>
      <controlfield tag="008">140604s1996    is abef  b    010 0 eng</controlfield>
      <datafield tag="010" ind1=" " ind2=" ">
         <subfield code="a">97112263</subfield>
      </datafield>
      <datafield tag="020" ind1=" " ind2=" ">
         <subfield code="a">9652261823</subfield>
      </datafield>
      <datafield tag="020" ind1=" " ind2=" ">
         <subfield code="a">9789652261823</subfield>
      </datafield>
      <datafield tag="035" ind1=" " ind2=" ">
         <subfield code="a">(OCoLC)35653617</subfield>
      </datafield>
      <datafield tag="040" ind1=" " ind2=" ">
         <subfield code="a">DLC</subfield>
         <subfield code="b">eng</subfield>
         <subfield code="c">DLC</subfield>
         <subfield code="d">NLGGC</subfield>
         <subfield code="d">BTCTA</subfield>
         <subfield code="d">OCLCG</subfield>
         <subfield code="d">VA@</subfield>
         <subfield code="d">OCLCO</subfield>
         <subfield code="d">NNU</subfield>
      </datafield>
      <datafield tag="041" ind1="0" ind2=" ">
         <subfield code="a">eng</subfield>
         <subfield code="a">fre</subfield>
         <subfield code="a">ger</subfield>
      </datafield>
      <datafield tag="043" ind1=" " ind2=" ">
         <subfield code="a">mm-----</subfield>
      </datafield>
      <datafield tag="050" ind1="0" ind2="0">
         <subfield code="a">DE60</subfield>
         <subfield code="b">.C53 1996</subfield>
      </datafield>
      <datafield tag="082" ind1="0" ind2="0">
         <subfield code="a">938</subfield>
         <subfield code="2">21</subfield>
      </datafield>
      <datafield tag="084" ind1=" " ind2=" ">
         <subfield code="a">15.51</subfield>
         <subfield code="2">bcl</subfield>
      </datafield>
      <datafield tag="245" ind1="0" ind2="0">
         <subfield code="a">Classical studies in honor of David Sohlberg /</subfield>
         <subfield code="c">edited by Ranon Katzoff ; with Yaakov Petroff &amp; David Schaps.</subfield>
      </datafield>
      <datafield tag="260" ind1=" " ind2=" ">
         <subfield code="a">Ramat Gan :</subfield>
         <subfield code="b">Bar-Ilan University Press,</subfield>
         <subfield code="c">[1996]</subfield>
      </datafield>
      <datafield tag="300" ind1=" " ind2=" ">
         <subfield code="a">ix, 510 p., [20] p. of plates :</subfield>
         <subfield code="b">ill., maps, plans ;</subfield>
         <subfield code="c">25 cm.</subfield>
      </datafield>
      <datafield tag="546" ind1=" " ind2=" ">
         <subfield code="a">Articles chiefly in English; one article each in French and German.</subfield>
      </datafield>
      <datafield tag="504" ind1=" " ind2=" ">
         <subfield code="a">Includes bibliographical references.</subfield>
      </datafield>
      <datafield tag="500" ind1=" " ind2=" ">
         <subfield code="a">ISAW copy is from the Library of Hayim and Miriam Tadmor.</subfield>
         <subfield code="5">NNU</subfield>
      </datafield>
      <datafield tag="505" ind1="0" ind2="0">
         <subfield code="t">Professor David Sohlberg : an unassuming pioneer /</subfield>
         <subfield code="r">David Schaps --</subfield>
         <subfield code="t">Bernal and the Athenians in the multicultural world of the ancient Mediterranean /</subfield>
         <subfield code="r">Molly Myerowitz Levine --</subfield>
         <subfield code="t">Teren dakryon, thaleron dakryon : über den Unterschied der Characterisierung von Mann und Frau bei Homer /</subfield>
         <subfield code="r">Ruth Neuberger-Donath --</subfield>
         <subfield code="t">Raison littéraire, et imagination philosophique : naissance du dialogue /</subfield>
         <subfield code="r">Evelyne Meron --</subfield>
         <subfield code="t">Builders, contractors, and power : financing and administering building projects in ancient Greece /</subfield>
         <subfield code="r">David M. Schaps --</subfield>
         <subfield code="t">Euhemerus' eternal gods : or, How not to be embarrassed by Greek mythology /</subfield>
         <subfield code="r">A.I. Baumgarten --</subfield>
         <subfield code="t">Consuetudo oculorum /</subfield>
         <subfield code="r">John Glucker --</subfield>
         <subfield code="t">Coins of the Achaean League in the collection of the Kadman Numismatic Museum /</subfield>
         <subfield code="r">Arie Kindler --</subfield>
         <subfield code="t">LXX translations for the minor sacral instruments /</subfield>
         <subfield code="r">Yaakov Petroff --</subfield>
         <subfield code="t">Elucidation of Philo's Spec. Leg. 4.137-8 : "stamped too with genuine seals" /</subfield>
         <subfield code="r">Naomi G. Cohen --</subfield>
         <subfield code="t">Josephus' portrait of Aaron /</subfield>
         <subfield code="r">Louis H. Feldman --</subfield>
         <subfield code="t">Ant. 14.186-267 : a problem of authenticity /</subfield>
         <subfield code="r">Miriam Pucci Ben-Ze'ev --</subfield>
         <subfield code="t">Greek and Jewish marriage formulas /</subfield>
         <subfield code="r">Ranon Katzoff --</subfield>
         <subfield code="t">Allocation of seats to senators in 194 BCE /</subfield>
         <subfield code="r">Dwora Gilula --</subfield>
         <subfield code="t">Attempts on Cicero's life : a note on Appian BC 2.11 /</subfield>
         <subfield code="r">Jonathan Price --</subfield>
         <subfield code="t">Cycle of the offices of master and flamen in the Arval College /</subfield>
         <subfield code="r">Charles A. Behr --</subfield>
         <subfield code="t">Civil justice in Palestine from 63 BCE to 70 CE /</subfield>
         <subfield code="r">Alfredo Mordechai Rabello --</subfield>
         <subfield code="t">Number and provenance of Jews in Graeco-Roman antiquity : a note on population statistics /</subfield>
         <subfield code="r">Abraham Wasserstein --</subfield>
         <subfield code="t">Marble import and marmorarii in Eretz Israel during the Roman and Byzantine periods /</subfield>
         <subfield code="r">Moshe L. Fischer, Tziona Grossmark --</subfield>
         <subfield code="t">On the bathhouse /</subfield>
         <subfield code="r">Daniel Sperber --</subfield>
         <subfield code="t">Alexandrian marriage contract /</subfield>
         <subfield code="r">William Brashear --</subfield>
         <subfield code="t">Notice of birth of a girl /</subfield>
         <subfield code="r">Nahum Cohen --</subfield>
         <subfield code="t">Again, the money called blacks /</subfield>
         <subfield code="r">Naphtali Lewis --</subfield>
         <subfield code="t">On onomastics of Greek and Roman Egypt /</subfield>
         <subfield code="r">I.F. Fikhman --</subfield>
      </datafield>
      <datafield tag="505" ind1="0" ind2="0">
         <subfield code="t">Emperor Marcus Opellius Macrinus and the gens Aurelia /</subfield>
         <subfield code="r">Drora Baharal --</subfield>
         <subfield code="t">Roman copies discovered in the Land of Israel /</subfield>
         <subfield code="r">Rivka Gersht --</subfield>
         <subfield code="t">Public plazas in the cities of Roman Palestine and Provincia Arabia /</subfield>
         <subfield code="r">Arthur Segal --</subfield>
         <subfield code="t">Listening with the third ear : Freud and Lacan's "testimonial allegories" /</subfield>
         <subfield code="r">Gerda Elata-Alster.</subfield>
      </datafield>
      <datafield tag="650" ind1=" " ind2="0">
         <subfield code="a">Civilization, Classical.</subfield>
      </datafield>
      <datafield tag="651" ind1=" " ind2="0">
         <subfield code="a">Mediterranean Region</subfield>
         <subfield code="x">Civilization.</subfield>
      </datafield>
      <datafield tag="600" ind1="1" ind2="0">
         <subfield code="a">Sohlberg, David,</subfield>
         <subfield code="d">1924-</subfield>
      </datafield>
      <datafield tag="700" ind1="1" ind2=" ">
         <subfield code="a">Katzoff, Ranon</subfield>
         <subfield code="e">ed.</subfield>
      </datafield>
      <datafield tag="700" ind1="1" ind2=" ">
         <subfield code="a">Petroff, Yaakov</subfield>
         <subfield code="e">ed.</subfield>
      </datafield>
      <datafield tag="700" ind1="1" ind2=" ">
         <subfield code="a">Schaps, David M.</subfield>
         <subfield code="e">ed.</subfield>
      </datafield>
      <datafield tag="700" ind1="1" ind2=" ">
         <subfield code="a">Sohlberg, David,</subfield>
         <subfield code="d">1924-</subfield>
         <subfield code="e">honoree.</subfield>
      </datafield>
      <datafield tag="776" ind1="0" ind2="8">
         <subfield code="i">Online version:</subfield>
         <subfield code="t">Classical studies in honor of David Sohlberg.</subfield>
         <subfield code="d">Ramat Gan : Bar-Ilan University Press, [1996]</subfield>
         <subfield code="w">(OCoLC)645835057</subfield>
      </datafield>
      <datafield tag="796" ind1="1" ind2=" ">
         <subfield code="a">Tadmor, Hayim,</subfield>
         <subfield code="e">former owner.</subfield>
      </datafield>
      <datafield tag="796" ind1="1" ind2=" ">
         <subfield code="a">Tadmor, Miriam,</subfield>
         <subfield code="e">former owner.</subfield>
      </datafield>
      <datafield tag="797" ind1="2" ind2=" ">
         <subfield code="a">Tadmor Collection.</subfield>
      </datafield>
      <datafield tag="994" ind1=" " ind2=" ">
         <subfield code="a">Z0</subfield>
         <subfield code="b">ZYU</subfield>
      </datafield>
      <datafield tag="OWN" ind1=" " ind2=" ">
         <subfield code="a">GENERAL</subfield>
      </datafield>
      <datafield tag="936" ind1=" " ind2=" ">
         <subfield code="a">PR 259994814</subfield>
      </datafield>
      <datafield tag="AVA" ind1=" " ind2=" ">
         <subfield code="a">NYU50</subfield>
         <subfield code="b">NISAW</subfield>
         <subfield code="c">Small Collection</subfield>
         <subfield code="d">DE60 .C53 1996</subfield>
         <subfield code="e">available</subfield>
         <subfield code="t">Available</subfield>
         <subfield code="f">1</subfield>
         <subfield code="g">0</subfield>
         <subfield code="h">N</subfield>
         <subfield code="i">0</subfield>
         <subfield code="j">SMALL</subfield>
         <subfield code="k">0</subfield>
      </datafield>
      <marc:datafield tag="852" ind1=" " ind2=" ">
         <marc:subfield code="b">Institute for the Study of the Ancient World, </marc:subfield>
         <marc:subfield code="c">Small Collection</marc:subfield>
         <marc:subfield code="e">15 East 84th St., </marc:subfield>
         <marc:subfield code="e">New York, NY  10028</marc:subfield>
      </marc:datafield>
   </record>