
  
  
  
  
  
  
 
  
  <record xsi:schemaLocation="http://www.loc.gov/MARC21/slim http://www.loc.gov/standards/marcxml/schema/MARC21slim.xsd">
      <leader>00000cam  2200685 a 4500</leader>
      <controlfield tag="FMT">BK</controlfield>
      <controlfield tag="LDR">00000cam  2200685 a 4500</controlfield>
      <controlfield tag="001">003997558</controlfield>
      <controlfield tag="003">OCoLC</controlfield>
      <controlfield tag="005">20140605133907.0</controlfield>
      <controlfield tag="008">140605s2002    cc a     bc   000 0 chi d</controlfield>
      <datafield tag="010" ind1=" " ind2=" ">
         <subfield code="a">2003478867</subfield>
      </datafield>
      <datafield tag="020" ind1=" " ind2=" ">
         <subfield code="a">750101387X</subfield>
      </datafield>
      <datafield tag="020" ind1=" " ind2=" ">
         <subfield code="a">9787501013876</subfield>
      </datafield>
      <datafield tag="035" ind1=" " ind2=" ">
         <subfield code="a">(OCoLC)52452892</subfield>
      </datafield>
      <datafield tag="040" ind1=" " ind2=" ">
         <subfield code="a">PIT</subfield>
         <subfield code="b">eng</subfield>
         <subfield code="c">PIT</subfield>
         <subfield code="d">DLC</subfield>
         <subfield code="d">NNU</subfield>
      </datafield>
      <datafield tag="041" ind1="0" ind2=" ">
         <subfield code="a">chi</subfield>
         <subfield code="a">eng</subfield>
      </datafield>
      <datafield tag="042" ind1=" " ind2=" ">
         <subfield code="a">lccopycat</subfield>
      </datafield>
      <datafield tag="043" ind1=" " ind2=" ">
         <subfield code="a">a-cc-ss</subfield>
         <subfield code="a">a-cc---</subfield>
      </datafield>
      <datafield tag="050" ind1="0" ind2="0">
         <subfield code="a">ND2849.S47</subfield>
         <subfield code="b">Y537 2002</subfield>
      </datafield>
      <datafield tag="066" ind1=" " ind2=" ">
         <subfield code="c">$1</subfield>
      </datafield>
      <datafield tag="245" ind1="0" ind2="0">
         <subfield code="6">880-01</subfield>
         <subfield code="a">Yide tai zi mu bi hua /</subfield>
         <subfield code="c">zhu bian Shen Qinyan ; zhuan gao Shen Qinyan, Fan Shuying.</subfield>
      </datafield>
      <datafield tag="246" ind1="1" ind2=" ">
         <subfield code="i">Title also in English on p. [4] of cover:</subfield>
         <subfield code="a">Mural paintings in the mausoleum of Prince Yide</subfield>
      </datafield>
      <datafield tag="250" ind1=" " ind2=" ">
         <subfield code="6">880-02</subfield>
         <subfield code="a">Di 1 ban.</subfield>
      </datafield>
      <datafield tag="260" ind1=" " ind2=" ">
         <subfield code="6">880-03</subfield>
         <subfield code="a">Beijing :</subfield>
         <subfield code="b">Wen wu chu ban she,</subfield>
         <subfield code="c">2002.</subfield>
      </datafield>
      <datafield tag="300" ind1=" " ind2=" ">
         <subfield code="a">72 p. :</subfield>
         <subfield code="b">col. ill. ;</subfield>
         <subfield code="c">29 cm.</subfield>
      </datafield>
      <datafield tag="490" ind1="1" ind2=" ">
         <subfield code="6">880-04</subfield>
         <subfield code="a">Tang mu bi hua zhen pin =</subfield>
         <subfield code="a">A treasury of mural paintings in mausoleums of the Tang Dynasty</subfield>
      </datafield>
      <datafield tag="546" ind1=" " ind2=" ">
         <subfield code="a">Chinese and English.</subfield>
      </datafield>
      <datafield tag="504" ind1=" " ind2=" ">
         <subfield code="a">Includes bibliographical references.</subfield>
      </datafield>
      <datafield tag="650" ind1=" " ind2="0">
         <subfield code="a">Mural painting and decoration, Chinese</subfield>
         <subfield code="z">China</subfield>
         <subfield code="z">Shaanxi Sheng</subfield>
         <subfield code="y">Tang-Five dynasties, 618-960</subfield>
         <subfield code="v">Catalogs.</subfield>
      </datafield>
      <datafield tag="600" ind1="0" ind2="0">
         <subfield code="6">880-05</subfield>
         <subfield code="a">Yide,</subfield>
         <subfield code="c">Prince, son of Tang Zhongzong, Emperor of China,</subfield>
         <subfield code="d">682-701</subfield>
         <subfield code="x">Tomb</subfield>
         <subfield code="v">Catalogs.</subfield>
      </datafield>
      <datafield tag="650" ind1=" " ind2="0">
         <subfield code="a">Mural painting and decoration</subfield>
         <subfield code="z">China</subfield>
         <subfield code="z">Xi'an</subfield>
         <subfield code="v">Catalogs.</subfield>
      </datafield>
      <datafield tag="610" ind1="2" ind2="0">
         <subfield code="a">Shanxi li shi bo wu guan</subfield>
         <subfield code="6">880-06</subfield>
         <subfield code="v">Catalogs.</subfield>
      </datafield>
      <datafield tag="700" ind1="1" ind2=" ">
         <subfield code="a">Shen, Qinyan</subfield>
         <subfield code="6">880-07</subfield>
      </datafield>
      <datafield tag="700" ind1="1" ind2=" ">
         <subfield code="a">Fan, Shuying</subfield>
         <subfield code="6">880-08</subfield>
      </datafield>
      <datafield tag="776" ind1="0" ind2="8">
         <subfield code="i">Online version:</subfield>
         <subfield code="t">Yide tai zi mu bi hua.</subfield>
         <subfield code="b">Di 1 ban.</subfield>
         <subfield code="d">Beijing : Wen wu chu ban she, 2002</subfield>
         <subfield code="w">(OCoLC)654011729</subfield>
      </datafield>
      <datafield tag="880" ind1="0" ind2="0">
         <subfield code="6">245-01/</subfield>
         <subfield code="a">懿德太子墓壁画 /</subfield>
         <subfield code="c">主编申秦雁 ; 撰稿申秦燕, 范淑英.</subfield>
      </datafield>
      <datafield tag="880" ind1=" " ind2=" ">
         <subfield code="6">250-02/</subfield>
         <subfield code="a">第1版.</subfield>
      </datafield>
      <datafield tag="880" ind1=" " ind2=" ">
         <subfield code="6">260-03/</subfield>
         <subfield code="a">北京 :</subfield>
         <subfield code="b">文物出版社,</subfield>
         <subfield code="c">2002.</subfield>
      </datafield>
      <datafield tag="880" ind1="1" ind2=" ">
         <subfield code="6">490-04/</subfield>
         <subfield code="a">唐墓壁画珍品 =</subfield>
         <subfield code="a">A treasury of mural paintings in mausoleums of the Tang Dynasty</subfield>
      </datafield>
      <datafield tag="880" ind1="0" ind2="4">
         <subfield code="6">600-05/</subfield>
         <subfield code="a">懿德,</subfield>
         <subfield code="c">Prince, son of Tang Zhongzong, Emperor of China,</subfield>
         <subfield code="d">682-701</subfield>
         <subfield code="x">Tomb</subfield>
         <subfield code="v">Catalogs.</subfield>
      </datafield>
      <datafield tag="880" ind1="2" ind2="4">
         <subfield code="6">610-06/</subfield>
         <subfield code="a">陕西历史博物馆</subfield>
         <subfield code="v">Catalogs.</subfield>
      </datafield>
      <datafield tag="880" ind1="1" ind2=" ">
         <subfield code="6">700-07/</subfield>
         <subfield code="a">申秦雁.</subfield>
      </datafield>
      <datafield tag="880" ind1="1" ind2=" ">
         <subfield code="6">700-08/</subfield>
         <subfield code="a">范淑英.</subfield>
      </datafield>
      <datafield tag="830" ind1=" " ind2="0">
         <subfield code="a">Tang mu bi hua zhen pin</subfield>
         <subfield code="6">880-09</subfield>
      </datafield>
      <datafield tag="880" ind1=" " ind2="0">
         <subfield code="6">830-09/</subfield>
         <subfield code="a">唐墓壁画珍品.</subfield>
      </datafield>
      <datafield tag="994" ind1=" " ind2=" ">
         <subfield code="a">Z0</subfield>
         <subfield code="b">ZYU</subfield>
      </datafield>
      <datafield tag="OWN" ind1=" " ind2=" ">
         <subfield code="a">GENERAL</subfield>
      </datafield>
      <datafield tag="AVA" ind1=" " ind2=" ">
         <subfield code="a">NYU50</subfield>
         <subfield code="b">NISAW</subfield>
         <subfield code="c">Oversize Collection</subfield>
         <subfield code="d">ND2849.S47 Y537 2002</subfield>
         <subfield code="e">available</subfield>
         <subfield code="t">Available</subfield>
         <subfield code="f">1</subfield>
         <subfield code="g">0</subfield>
         <subfield code="h">N</subfield>
         <subfield code="i">0</subfield>
         <subfield code="j">OVERZ</subfield>
         <subfield code="k">0</subfield>
      </datafield>
      <marc:datafield tag="852" ind1=" " ind2=" ">
         <marc:subfield code="b">Institute for the Study of the Ancient World, </marc:subfield>
         <marc:subfield code="c">Oversize Collection</marc:subfield>
         <marc:subfield code="e">15 East 84th St., </marc:subfield>
         <marc:subfield code="e">New York, NY  10028</marc:subfield>
      </marc:datafield>
   </record>