
  
  
  
  
  
  
 
  
  <record xsi:schemaLocation="http://www.loc.gov/MARC21/slim http://www.loc.gov/standards/marcxml/schema/MARC21slim.xsd">
      <leader>00000nam a22      i 4500</leader>
      <controlfield tag="FMT">BK</controlfield>
      <controlfield tag="LDR">00000nam a22      i 4500</controlfield>
      <controlfield tag="001">003997528</controlfield>
      <controlfield tag="005">20140702155619.0</controlfield>
      <controlfield tag="008">140605t20132013it a     b    000 0 eng d</controlfield>
      <datafield tag="020" ind1=" " ind2=" ">
         <subfield code="a">9788878145948</subfield>
      </datafield>
      <datafield tag="040" ind1=" " ind2=" ">
         <subfield code="a">NNU</subfield>
         <subfield code="b">eng</subfield>
         <subfield code="c">NNU</subfield>
         <subfield code="e">rda</subfield>
      </datafield>
      <datafield tag="041" ind1="1" ind2=" ">
         <subfield code="a">eng</subfield>
         <subfield code="b">ara</subfield>
         <subfield code="h">eng</subfield>
      </datafield>
      <datafield tag="043" ind1=" " ind2=" ">
         <subfield code="a">f-ly---</subfield>
      </datafield>
      <datafield tag="050" ind1=" " ind2="4">
         <subfield code="a">DT228</subfield>
         <subfield code="b">.L55 2013</subfield>
      </datafield>
      <datafield tag="245" ind1="0" ind2="0">
         <subfield code="a">Life and death of a rural village in Garamantian times :</subfield>
         <subfield code="b">archaeological investigations in the oasis of Fewet (Libyan Sahara) /</subfield>
         <subfield code="c">edited by Lucia Mori, with contributions by F. Alhaique [and 28 others], with foreword by S. di Lernia and comments by D.J. Matthingly and M. Liverani.</subfield>
      </datafield>
      <datafield tag="264" ind1=" " ind2="1">
         <subfield code="a">Firenze :</subfield>
         <subfield code="b">All'insegna del Giglio,</subfield>
         <subfield code="c">2013.</subfield>
      </datafield>
      <datafield tag="264" ind1=" " ind2="4">
         <subfield code="c">©2013</subfield>
      </datafield>
      <datafield tag="300" ind1=" " ind2=" ">
         <subfield code="a">xxiv, 404 pages :</subfield>
         <subfield code="b">illustrations,</subfield>
         <subfield code="c">22 cm.</subfield>
      </datafield>
      <datafield tag="336" ind1=" " ind2=" ">
         <subfield code="a">text</subfield>
         <subfield code="2">rdacontent</subfield>
      </datafield>
      <datafield tag="337" ind1=" " ind2=" ">
         <subfield code="a">unmediated</subfield>
         <subfield code="2">rdamedia</subfield>
      </datafield>
      <datafield tag="338" ind1=" " ind2=" ">
         <subfield code="a">volume</subfield>
         <subfield code="2">rdacarrier</subfield>
      </datafield>
      <datafield tag="490" ind1="1" ind2=" ">
         <subfield code="a">Arid zone archaeology monographs ;</subfield>
         <subfield code="v">6, 2013</subfield>
      </datafield>
      <datafield tag="505" ind1="0" ind2="0">
         <subfield code="t">Fewet in context /</subfield>
         <subfield code="r">Lucia Mori --</subfield>
         <subfield code="t">Fewet: an oasis at the margin of Wadi Tanezzuft /</subfield>
         <subfield code="r">M. Cremaschi ;</subfield>
         <subfield code="r">A. Zerboni --</subfield>
         <subfield code="t">Between the mountains and the oases: rock art landscapes and Fewet /</subfield>
         <subfield code="r">D. Zampetti --</subfield>
         <subfield code="t">Excavations and soundings at Tan Afella /</subfield>
         <subfield code="r">L. Mori ;</subfield>
         <subfield code="r">M.C. Gatto ;</subfield>
         <subfield code="r">C. Ottomano --</subfield>
         <subfield code="t">Survey in the Tan Ataram area /</subfield>
         <subfield code="r">L. Mori --</subfield>
         <subfield code="t">Ceramics from Fewet /</subfield>
         <subfield code="r">M.C. Gatto --</subfield>
         <subfield code="t">Macro-lithic tools from Fewet /</subfield>
         <subfield code="r">L. Mori ;</subfield>
         <subfield code="r">C. Lemorini --</subfield>
         <subfield code="t">Vesicular basalt artefacts /</subfield>
         <subfield code="r">L. Mori ;</subfield>
         <subfield code="r">S. Bruni ;</subfield>
         <subfield code="r">A. Zerboni ;</subfield>
         <subfield code="r">A. Ballerini ;</subfield>
         <subfield code="r">G. Groppelli ;</subfield>
         <subfield code="r">V. Guglielmi --</subfield>
         <subfield code="t">Micromorphological study of living floors and mud features from the compound /</subfield>
         <subfield code="r">A. Zerboni ;</subfield>
         <subfield code="t">A. Bernasconi ;</subfield>
         <subfield code="r">M. Cremaschi --</subfield>
         <subfield code="t">Small finds: beads, worked bone artefacts and figurines /</subfield>
         <subfield code="r">D. Zampetti --</subfield>
         <subfield code="t">Garamantian green stone beads from Fewet /</subfield>
         <subfield code="r">A. Zerboni ;</subfield>
         <subfield code="r">P. Vignoa --</subfield>
         <subfield code="t">Vitreous beads: a scientific investigation by SEM microscopy and X-ray microanalysis /</subfield>
         <subfield code="r">M. Verità --</subfield>
         <subfield code="t">Seeds, fruits and charcoal from the Fewet compound /</subfield>
         <subfield code="r">A.M. Mercuri ;</subfield>
         <subfield code="r">G. Bosi ;</subfield>
         <subfield code="r">F. Buldrini --</subfield>
         <subfield code="t">Faunal remains /</subfield>
         <subfield code="r">F. Alhaique --</subfield>
         <subfield code="t">Survey of the Fewet necropolis /</subfield>
         <subfield code="r">M. Liverani ;</subfield>
         <subfield code="r">L. Barbato ;</subfield>
         <subfield code="r">E. Cancellieri ;</subfield>
         <subfield code="r">R. Castelli ;</subfield>
         <subfield code="r">C. Putzolu --</subfield>
         <subfield code="t">Appendix 15.I: Fewet necropolis: the database /</subfield>
         <subfield code="r">M. Liverani ;</subfield>
         <subfield code="r">L. Barbato --</subfield>
         <subfield code="t">Excavation of the Fewet necropolis /</subfield>
         <subfield code="r">L. Mori ;</subfield>
         <subfield code="r">F. Ricci ;</subfield>
         <subfield code="r">M.C. Gatto ;</subfield>
         <subfield code="r">E. Cancellieri ;</subfield>
         <subfield code="r">C. Lemorini ;</subfield>
         <subfield code="t">Human skeletal sample from Fewet /</subfield>
         <subfield code="r">F. Ricci ;</subfield>
         <subfield code="r">M.A. Tafuri ;</subfield>
         <subfield code="r">F. di Vincenzo ;</subfield>
         <subfield code="r">G. Manzi --</subfield>
         <subfield code="t">Preliminary isotope investigation /</subfield>
         <subfield code="r">M.A. Tafuri ;</subfield>
         <subfield code="r">A. Pelosi ;</subfield>
         <subfield code="r">F. Ricci ;</subfield>
         <subfield code="r">G. Manzi ;</subfield>
         <subfield code="r">F. Castorina --</subfield>
         <subfield code="t">Restoration of the Fewet compound /</subfield>
         <subfield code="r">M. Ramazzotti --</subfield>
         <subfield code="t">Life and death at Fewet /</subfield>
         <subfield code="r">L. Mori ;</subfield>
         <subfield code="r">M.C. Gatto ;</subfield>
         <subfield code="r">F. Ricci ;</subfield>
         <subfield code="r">A. Zerboni --</subfield>
         <subfield code="t">Arabic summary /</subfield>
         <subfield code="r">L. Mori ;</subfield>
         <subfield code="r">M. Turjiman.</subfield>
      </datafield>
      <datafield tag="500" ind1=" " ind2=" ">
         <subfield code="a">ISAW copy is the gift of Lucia Mori.</subfield>
         <subfield code="5">NNU</subfield>
      </datafield>
      <datafield tag="504" ind1=" " ind2=" ">
         <subfield code="a">Includes bibliographical references.</subfield>
      </datafield>
      <datafield tag="650" ind1=" " ind2="0">
         <subfield code="a">Garamantes (African people)</subfield>
         <subfield code="x">Civilization.</subfield>
      </datafield>
      <datafield tag="650" ind1=" " ind2="0">
         <subfield code="a">Excavations (Archaeology)</subfield>
         <subfield code="z">Libyan Desert.</subfield>
      </datafield>
      <datafield tag="651" ind1=" " ind2="0">
         <subfield code="a">Libya</subfield>
         <subfield code="x">Antiquities.</subfield>
      </datafield>
      <datafield tag="700" ind1="1" ind2=" ">
         <subfield code="a">Mori, Lucia.</subfield>
      </datafield>
      <datafield tag="700" ind1="1" ind2=" ">
         <subfield code="a">Cremaschi, Mauro.</subfield>
      </datafield>
      <datafield tag="700" ind1="1" ind2=" ">
         <subfield code="a">Zerboni, Andrea.</subfield>
      </datafield>
      <datafield tag="700" ind1="1" ind2=" ">
         <subfield code="a">Zampetti, Daniela.</subfield>
      </datafield>
      <datafield tag="700" ind1="1" ind2=" ">
         <subfield code="a">Gatto, Maria Carmela.</subfield>
      </datafield>
      <datafield tag="700" ind1="1" ind2=" ">
         <subfield code="a">Ottomano, Caterina.</subfield>
      </datafield>
      <datafield tag="700" ind1="1" ind2=" ">
         <subfield code="a">Lemorini, Cristina.</subfield>
      </datafield>
      <datafield tag="700" ind1="1" ind2=" ">
         <subfield code="a">Bruni, Silvia.</subfield>
      </datafield>
      <datafield tag="700" ind1="1" ind2=" ">
         <subfield code="a">Groppelli, Gianluca.</subfield>
      </datafield>
      <datafield tag="700" ind1="1" ind2=" ">
         <subfield code="a">Guglielmi, Vittoria.</subfield>
      </datafield>
      <datafield tag="700" ind1="1" ind2=" ">
         <subfield code="a">Bernasconi, Andrea.</subfield>
      </datafield>
      <datafield tag="700" ind1="1" ind2=" ">
         <subfield code="a">Vignola, Pietro.</subfield>
      </datafield>
      <datafield tag="700" ind1="1" ind2=" ">
         <subfield code="a">Verità, Marco.</subfield>
      </datafield>
      <datafield tag="700" ind1="1" ind2=" ">
         <subfield code="a">Mercuri, Anna Maria.</subfield>
      </datafield>
      <datafield tag="700" ind1="1" ind2=" ">
         <subfield code="a">Bosi, Giovanna.</subfield>
      </datafield>
      <datafield tag="700" ind1="1" ind2=" ">
         <subfield code="a">Buldrini, Fabrizio.</subfield>
      </datafield>
      <datafield tag="700" ind1="1" ind2=" ">
         <subfield code="a">Alhaique, F.</subfield>
         <subfield code="q">(Francesca)</subfield>
      </datafield>
      <datafield tag="700" ind1="1" ind2=" ">
         <subfield code="a">Liverani, Mario.</subfield>
      </datafield>
      <datafield tag="700" ind1="1" ind2=" ">
         <subfield code="a">Barbato, Luisa.</subfield>
      </datafield>
      <datafield tag="700" ind1="1" ind2=" ">
         <subfield code="a">Cancellieri, Emanuele.</subfield>
      </datafield>
      <datafield tag="700" ind1="1" ind2=" ">
         <subfield code="a">Castelli, Roberto.</subfield>
      </datafield>
      <datafield tag="700" ind1="1" ind2=" ">
         <subfield code="a">Putzolu, Cristina.</subfield>
      </datafield>
      <datafield tag="700" ind1="1" ind2=" ">
         <subfield code="a">Ricci, Francesca.</subfield>
      </datafield>
      <datafield tag="700" ind1="1" ind2=" ">
         <subfield code="a">Tafuri, Mary Anne.</subfield>
      </datafield>
      <datafield tag="700" ind1="1" ind2=" ">
         <subfield code="a">Di Vincenzo, Fabio.</subfield>
      </datafield>
      <datafield tag="700" ind1="1" ind2=" ">
         <subfield code="a">Manzi, Giorgio.</subfield>
      </datafield>
      <datafield tag="700" ind1="1" ind2=" ">
         <subfield code="a">Pelosi, Antonello.</subfield>
      </datafield>
      <datafield tag="700" ind1="1" ind2=" ">
         <subfield code="a">Castorina, Francesca.</subfield>
      </datafield>
      <datafield tag="700" ind1="1" ind2=" ">
         <subfield code="a">Ramazzotti, Marco.</subfield>
      </datafield>
      <datafield tag="700" ind1="1" ind2=" ">
         <subfield code="a">Turjiman, M.</subfield>
      </datafield>
      <datafield tag="710" ind1="2" ind2=" ">
         <subfield code="a">Shelby White and Leon Levy Program for Archaeological Publications (Firm)</subfield>
      </datafield>
      <datafield tag="796" ind1="1" ind2=" ">
         <subfield code="a">Mori, Lucia,</subfield>
         <subfield code="e">donor.</subfield>
      </datafield>
      <datafield tag="797" ind1="2" ind2=" ">
         <subfield code="a">White Levy Program Collection.</subfield>
      </datafield>
      <datafield tag="797" ind1="2" ind2=" ">
         <subfield code="a">WLP Collection.</subfield>
      </datafield>
      <datafield tag="830" ind1=" " ind2="0">
         <subfield code="a">Arid zone archaeology monographs ;</subfield>
         <subfield code="v">6.</subfield>
      </datafield>
      <datafield tag="OWN" ind1=" " ind2=" ">
         <subfield code="a">GENERAL</subfield>
      </datafield>
      <datafield tag="AVA" ind1=" " ind2=" ">
         <subfield code="a">NYU50</subfield>
         <subfield code="b">NISAW</subfield>
         <subfield code="c">Large Collection</subfield>
         <subfield code="d">DT228 .L55 2013</subfield>
         <subfield code="e">available</subfield>
         <subfield code="t">Available</subfield>
         <subfield code="f">1</subfield>
         <subfield code="g">0</subfield>
         <subfield code="h">N</subfield>
         <subfield code="i">0</subfield>
         <subfield code="j">LARGE</subfield>
         <subfield code="k">0</subfield>
      </datafield>
      <marc:datafield tag="852" ind1=" " ind2=" ">
         <marc:subfield code="b">Institute for the Study of the Ancient World, </marc:subfield>
         <marc:subfield code="c">Large Collection</marc:subfield>
         <marc:subfield code="e">15 East 84th St., </marc:subfield>
         <marc:subfield code="e">New York, NY  10028</marc:subfield>
      </marc:datafield>
   </record>