
  
  
  
  
  
  
 
  
  <record xsi:schemaLocation="http://www.loc.gov/MARC21/slim http://www.loc.gov/standards/marcxml/schema/MARC21slim.xsd">
      <leader>00000cam a2200337 a 45M</leader>
      <controlfield tag="FMT">BK</controlfield>
      <controlfield tag="LDR">00000cam a2200337 a 45M</controlfield>
      <controlfield tag="001">002806950</controlfield>
      <controlfield tag="003">NNU</controlfield>
      <controlfield tag="005">20140605141313.0</controlfield>
      <controlfield tag="008">860509s1985    inuabc   b    010 0 eng</controlfield>
      <datafield tag="010" ind1=" " ind2=" ">
         <subfield code="a">85016312</subfield>
      </datafield>
      <datafield tag="020" ind1=" " ind2=" ">
         <subfield code="a">0931464234</subfield>
      </datafield>
      <datafield tag="035" ind1="9" ind2=" ">
         <subfield code="a">NYUb10513580</subfield>
      </datafield>
      <datafield tag="035" ind1=" " ind2=" ">
         <subfield code="a">(CStRLIN)NYUG86-B15346</subfield>
      </datafield>
      <datafield tag="035" ind1=" " ind2=" ">
         <subfield code="a">GLIS00513580X</subfield>
      </datafield>
      <datafield tag="040" ind1=" " ind2=" ">
         <subfield code="d">CStRLIN</subfield>
         <subfield code="d">NNU</subfield>
      </datafield>
      <datafield tag="043" ind1=" " ind2=" ">
         <subfield code="a">aw-----</subfield>
      </datafield>
      <datafield tag="050" ind1="0" ind2="0">
         <subfield code="a">BS1192</subfield>
         <subfield code="b">.B435 1985</subfield>
      </datafield>
      <datafield tag="082" ind1="0" ind2=" ">
         <subfield code="a">221.6</subfield>
         <subfield code="2">19</subfield>
      </datafield>
      <datafield tag="245" ind1="0" ind2="0">
         <subfield code="a">Biblical and related studies presented to Samuel Iwry /</subfield>
         <subfield code="c">edited by Ann Kort and Scott Morschauser.</subfield>
      </datafield>
      <datafield tag="260" ind1=" " ind2=" ">
         <subfield code="a">Winona Lake, Ind. :</subfield>
         <subfield code="b">Eisenbrauns,</subfield>
         <subfield code="c">1985.</subfield>
      </datafield>
      <datafield tag="300" ind1=" " ind2=" ">
         <subfield code="a">xvii, 274 p. :</subfield>
         <subfield code="b">ill., map, port. ;</subfield>
         <subfield code="c">24 cm.</subfield>
      </datafield>
      <datafield tag="504" ind1=" " ind2=" ">
         <subfield code="a">Includes bibliographical references.</subfield>
      </datafield>
      <datafield tag="500" ind1=" " ind2=" ">
         <subfield code="a">ISAW copy is from the Library of Hayim and Miriam Tadmor.</subfield>
         <subfield code="5">NNU</subfield>
      </datafield>
      <datafield tag="505" ind1="0" ind2="0">
         <subfield code="t">Did Alexander Yannai negotiate an alliance with the Parthians? /</subfield>
         <subfield code="r">Moses Aberbach --</subfield>
         <subfield code="t">First and second tithes in the Temple scroll /</subfield>
         <subfield code="r">Joseph M. Baumgarten --</subfield>
         <subfield code="t">Rhetoric of Psalm 145 /</subfield>
         <subfield code="r">Adele Berlin --</subfield>
         <subfield code="t">Levitical cities : archaeology and texts /</subfield>
         <subfield code="r">Robert G. Boling --</subfield>
         <subfield code="t">Sargon and Joseph : dreams come true /</subfield>
         <subfield code="r">Jerrold S. Cooper --</subfield>
         <subfield code="t">Literate soldier : Lachish letter III /</subfield>
         <subfield code="r">Frank Moore Cross --</subfield>
         <subfield code="t">Prose particles in the poetry of the Primary history /</subfield>
         <subfield code="r">David Noel Freedman --</subfield>
         <subfield code="t">Murder of the merchants near Akko /</subfield>
         <subfield code="r">Barry M. Gittlen --</subfield>
         <subfield code="t">Adam's rib /</subfield>
         <subfield code="r">Hans Goedicke --</subfield>
         <subfield code="t">On making other gods /</subfield>
         <subfield code="r">Cyrus H. Gordon --</subfield>
         <subfield code="t">Meaning of tkwnh /</subfield>
         <subfield code="r">Jonas C. Greenfield --</subfield>
         <subfield code="t">Cult and prayer /</subfield>
         <subfield code="r">Menahem Haran --</subfield>
         <subfield code="t">Marginal notes to the biblical lexicon /</subfield>
         <subfield code="r">Moshe Held --</subfield>
         <subfield code="t">Difficult curse in Aqht (19[1 Aqht] 3.152-154) /</subfield>
         <subfield code="r">Delbert R. Hillers --</subfield>
         <subfield code="t">Cain, the arrogant sufferer /</subfield>
         <subfield code="r">Herbert B. Huffmon --</subfield>
         <subfield code="t">Originals and imitations in biblical poetry : a comparative examination of 1 Sam 2:1-10 and Ps 113:5-9 /</subfield>
         <subfield code="r">Avi Hurvitz --</subfield>
         <subfield code="t">Studies in Neo-Aramaic lexicology /</subfield>
         <subfield code="r">Georg Krotkoff --</subfield>
         <subfield code="t">Philippi's law reconsidered /</subfield>
         <subfield code="r">Thomas O. Lambdin --</subfield>
         <subfield code="t">Worship of Baal and Asherah : a study in the social bonding functions of religious systems /</subfield>
         <subfield code="r">George E. Mendenhall --</subfield>
         <subfield code="t">Hezekiah's sacrifices at the dedication services of the purified Temple (2 Chr 29:21-24) /</subfield>
         <subfield code="r">Jacob Milgrom --</subfield>
         <subfield code="t">Esther revisited : an examination of Esther studies over the past decade /</subfield>
         <subfield code="r">Carey A. Moore --</subfield>
         <subfield code="t">Rib-Hadda : Job at Byblos? /</subfield>
         <subfield code="r">William L. Moran --</subfield>
         <subfield code="t">New Jewish version : genesis of the fourth great age of Bible translation /</subfield>
         <subfield code="r">Harry M. Orlinsky --</subfield>
         <subfield code="t">Isaiah and his children /</subfield>
         <subfield code="r">J.J.M. Roberts --</subfield>
      </datafield>
      <datafield tag="505" ind1="0" ind2="0">
         <subfield code="t">Isaiah 66:1-4 : Judean sects in the Persian period as viewed by Trito-Isaiah /</subfield>
         <subfield code="r">Alexander Rofé --</subfield>
         <subfield code="t">Materials toward a biblical grammar in the Bible exegesis of the Tosefta /</subfield>
         <subfield code="r">Samuel Rosenblatt --</subfield>
         <subfield code="t">Study of the relationship of the Syriac version to the Massoretic Hebrew, Targum Jonathan, and Septuagint texts in Jeremiah 18 /</subfield>
         <subfield code="r">Leona Glidden Running --</subfield>
         <subfield code="t">Ernest Renan's interpretation of biblical history /</subfield>
         <subfield code="r">Leivy Smolar --</subfield>
         <subfield code="t">New gleanings on Resheph from Ugarit /</subfield>
         <subfield code="r">Yigael Yadin.</subfield>
      </datafield>
      <datafield tag="630" ind1="0" ind2="0">
         <subfield code="a">Bible.</subfield>
         <subfield code="p">Old Testament</subfield>
         <subfield code="x">Criticism, interpretation, etc., Jewish.</subfield>
      </datafield>
      <datafield tag="651" ind1=" " ind2="0">
         <subfield code="a">Middle East</subfield>
         <subfield code="x">Civilization</subfield>
         <subfield code="y">To 622.</subfield>
      </datafield>
      <datafield tag="600" ind1="1" ind2="0">
         <subfield code="a">Iwry, Samuel.</subfield>
      </datafield>
      <datafield tag="700" ind1="1" ind2=" ">
         <subfield code="a">Kort, Ann</subfield>
         <subfield code="e">ed.</subfield>
      </datafield>
      <datafield tag="700" ind1="1" ind2=" ">
         <subfield code="a">Morschauser, Scott</subfield>
         <subfield code="e">ed.</subfield>
      </datafield>
      <datafield tag="700" ind1="1" ind2=" ">
         <subfield code="a">Iwry, Samuel</subfield>
         <subfield code="e">honoree.</subfield>
      </datafield>
      <datafield tag="796" ind1="1" ind2=" ">
         <subfield code="a">Tadmor, Hayim,</subfield>
         <subfield code="e">former owner.</subfield>
      </datafield>
      <datafield tag="796" ind1="1" ind2=" ">
         <subfield code="a">Tadmor, Miriam,</subfield>
         <subfield code="e">former owner.</subfield>
      </datafield>
      <datafield tag="797" ind1="2" ind2=" ">
         <subfield code="a">Tadmor Collection.</subfield>
      </datafield>
      <datafield tag="OWN" ind1=" " ind2=" ">
         <subfield code="a">GENERAL</subfield>
      </datafield>
      <datafield tag="950" ind1=" " ind2=" ">
         <subfield code="l">BMAIN</subfield>
         <subfield code="i">02/23/87 C</subfield>
      </datafield>
      <datafield tag="955" ind1=" " ind2=" ">
         <subfield code="l">BMAIN</subfield>
         <subfield code="c">1</subfield>
         <subfield code="q">86B15346-1</subfield>
         <subfield code="r">012264217</subfield>
         <subfield code="i">02/23/87 C</subfield>
      </datafield>
      <datafield tag="AVA" ind1=" " ind2=" ">
         <subfield code="a">NYU50</subfield>
         <subfield code="b">BOBST</subfield>
         <subfield code="c">Main Collection</subfield>
         <subfield code="d">BS1192 .B435 1985</subfield>
         <subfield code="e">unavailable</subfield>
         <subfield code="t">Unavailable</subfield>
         <subfield code="f">1</subfield>
         <subfield code="g">1</subfield>
         <subfield code="h">N</subfield>
         <subfield code="i">4</subfield>
         <subfield code="j">MAIN</subfield>
         <subfield code="k">0</subfield>
      </datafield>
      <datafield tag="AVA" ind1=" " ind2=" ">
         <subfield code="a">NYU50</subfield>
         <subfield code="b">NISAW</subfield>
         <subfield code="c">Small Collection</subfield>
         <subfield code="d">BS1192 .B435 1985</subfield>
         <subfield code="e">available</subfield>
         <subfield code="t">Available</subfield>
         <subfield code="f">1</subfield>
         <subfield code="g">0</subfield>
         <subfield code="h">N</subfield>
         <subfield code="i">0</subfield>
         <subfield code="j">SMALL</subfield>
         <subfield code="k">0</subfield>
      </datafield>
      <marc:datafield tag="852" ind1=" " ind2=" ">
         <marc:subfield code="b">Institute for the Study of the Ancient World, </marc:subfield>
         <marc:subfield code="c">Small Collection</marc:subfield>
         <marc:subfield code="e">15 East 84th St., </marc:subfield>
         <marc:subfield code="e">New York, NY  10028</marc:subfield>
      </marc:datafield>
   </record>