
  
  
  
  
  
  
 
  
  <record xsi:schemaLocation="http://www.loc.gov/MARC21/slim http://www.loc.gov/standards/marcxml/schema/MARC21slim.xsd">
      <leader>00000cam  22004095a 4500</leader>
      <controlfield tag="FMT">BK</controlfield>
      <controlfield tag="LDR">00000cam  22004095a 4500</controlfield>
      <controlfield tag="001">003997463</controlfield>
      <controlfield tag="003">OCoLC</controlfield>
      <controlfield tag="005">20140813160835.0</controlfield>
      <controlfield tag="008">111229m20119999cc a     b    000 0 chi d</controlfield>
      <datafield tag="020" ind1=" " ind2=" ">
         <subfield code="a">9787501032563 :</subfield>
      </datafield>
      <datafield tag="020" ind1=" " ind2=" ">
         <subfield code="a">7501032564</subfield>
      </datafield>
      <datafield tag="035" ind1=" " ind2=" ">
         <subfield code="a">(OCoLC)804036041</subfield>
      </datafield>
      <datafield tag="040" ind1=" " ind2=" ">
         <subfield code="a">CIBTC</subfield>
         <subfield code="c">MZA</subfield>
         <subfield code="d">OCLCO</subfield>
         <subfield code="d">OCLCA</subfield>
         <subfield code="d">OCLCF</subfield>
         <subfield code="d">NNU</subfield>
      </datafield>
      <datafield tag="050" ind1=" " ind2="4">
         <subfield code="a">ND2848</subfield>
         <subfield code="b">.G823 2011</subfield>
      </datafield>
      <datafield tag="066" ind1=" " ind2=" ">
         <subfield code="c">$1</subfield>
      </datafield>
      <datafield tag="245" ind1="0" ind2="0">
         <subfield code="6">880-01</subfield>
         <subfield code="a">Gu dai mu zang mei shu yan jiu.</subfield>
         <subfield code="n">di 1 ji /</subfield>
         <subfield code="c">[Wu Hong, Zheng Yan zhu bian].</subfield>
      </datafield>
      <datafield tag="246" ind1="1" ind2="4">
         <subfield code="i">Cover title also in English:</subfield>
         <subfield code="a">Studies on ancient tomb art</subfield>
      </datafield>
      <datafield tag="250" ind1=" " ind2=" ">
         <subfield code="6">880-02</subfield>
         <subfield code="a">Di 1 ban.</subfield>
      </datafield>
      <datafield tag="260" ind1=" " ind2=" ">
         <subfield code="6">880-03</subfield>
         <subfield code="a">Beijing Shi :</subfield>
         <subfield code="b">Wen wu chu ban she,</subfield>
         <subfield code="c">2011.</subfield>
      </datafield>
      <datafield tag="300" ind1=" " ind2=" ">
         <subfield code="a">370 p. :</subfield>
         <subfield code="b">ill. ;</subfield>
         <subfield code="c">27 cm.</subfield>
      </datafield>
      <datafield tag="504" ind1=" " ind2=" ">
         <subfield code="a">Includes bibliographical references.</subfield>
      </datafield>
      <datafield tag="505" ind1="0" ind2="0">
         <subfield code="6">880-04</subfield>
         <subfield code="t">Zhongguo gu dai bi hua lue shuo = An overview of ancient Chinese murals /</subfield>
         <subfield code="r">Yang Hong --</subfield>
         <subfield code="t">Ya Xhou shi ye zhong de Qin bing ma yong = The Qin terra-cotta army in a Pan-Asian perspective /</subfield>
         <subfield code="r">Ni Kelu --</subfield>
         <subfield code="t">Lun Han dai mu shi bi hua gong neng = On the function of Han dynasty tomb murals /</subfield>
         <subfield code="r">Huang Peixian --</subfield>
         <subfield code="t">Yin hong ling bi = The Bi-disk as a conduit of the soul /</subfield>
         <subfield code="r">Wu Hong --</subfield>
         <subfield code="t">Kongzi shi Laozi = “Confucius meets Laozi” in Han art /</subfield>
         <subfield code="r">Miu Zhe --</subfield>
         <subfield code="t">Han hua yin yang zhu shen kao = A study of principal deities of Yin-Yang forces in Han pictorial art /</subfield>
         <subfield code="r">He Xilin --</subfield>
         <subfield code="t">Zhongguo zhong gu shi qi mu zang zhong de tian jie biao xiang : Dong Ya de biao jiao shi ye = Representations of celestial spheres in medieval Chinese tombs: a comparative East Asian approach /</subfield>
         <subfield code="r">Lin Shenzhi --</subfield>
         <subfield code="t">Cong Shanling bi hua mu kan Bei Wei Pingcheng shi qi de sang zang mei shu = A painted tomb at Shaling and Northern Wei funerary art of the Pingcheng Period /</subfield>
         <subfield code="r">Xu Runqing --</subfield>
         <subfield code="t">Zai lun shi cai : Yi Bei Chao mu zang wei zhong xin = Rethinking stone as material with a focus on Northern Dynasties tombs /</subfield>
         <subfield code="r">Zheng Rubo --</subfield>
         <subfield code="t">Li xiang yu xian shi zhi jian : Anjia, Shijun mu shi ke tu xiang de si kao = Between Reality and Ideal: A Reflection on the Stone Carvings in the Tombs of An Qie and Master Shi /</subfield>
         <subfield code="r">Qi Dongfang --</subfield>
         <subfield code="t">Shi zhe de "mian ju” : zai lun Bei Zhou Kang Ye mu shi guan chuang hua xiang = The “Masks” of the Dead: A Reexamination of the Pictorial Carvings on the Stone Funerary Couch from Kang Ye’s Tomb of the Northern Zhou /</subfield>
         <subfield code="r">Zhang Yan --</subfield>
      </datafield>
      <datafield tag="505" ind1="0" ind2="0">
         <subfield code="6">880-05</subfield>
         <subfield code="t">Sui Tang mu zang yi shu zhong de Fo jiao wen hua yin su : yi Tang ling shen shi zhu wei li = Buddhist Elements in Sui and Tang Funerary Art as Seen on the Stone Columns along the Spirit Paths in Tang Mausoleums /</subfield>
         <subfield code="r">Li Xingming --</subfield>
         <subfield code="t">Tang dai hua niao hua yan jiu xin shi ye : mu zang cai liao yin fa de si kao = A New Vista in the Study of Tang Dynasty Bird-and-Flower Paintings: Ideas Inspired by Funerary Evidence /</subfield>
         <subfield code="r">Liu Jie --</subfield>
         <subfield code="t">Song Jin fang mu gou zhuan diao bi hua mu tu xiang ti cai tan xi = Images and Ceremonies: Decorative Motifs in Painted Brick Tombs of the Song-Jin Period with Imitation-Timber Structures /</subfield>
         <subfield code="r">Deng Fei --</subfield>
         <subfield code="t">Mian shi yu yu qing : Song Jin mu zang bi hua zhong de yi zhuo er yi dao fu fu gong zuo = Moral Instruction and Entertainment: From the One-Table/Two-Chairs Motif to the Joint Portraits of Husband and Wife in Song-Jin Tomb Murals /</subfield>
         <subfield code="r">Zhang Peng --</subfield>
         <subfield code="t">Kong jian luo ji yu shi jue yi wei : Song Liao Jin mu “fu ren qi men” tu xin lun = Spatial Logic and Visual Significance: Reinterpreting Images Representing Women in Half-Open Doors in Song, Liao, and Jin Tombs /</subfield>
         <subfield code="r">Li Qingquan --</subfield>
         <subfield code="t">Meng Yuan bi hua mu shi dai te zheng chu tan : jian lun Dengfeng Wang Shangdeng bi hua mu de nian dai = A Preliminary Study of Period Characteristics of Yuan-Dynasty Painted Tombs, with a Related Discussion on the Dates of Painted Tombs at Dengfeng, Wangshang, and Other Site /</subfield>
         <subfield code="r">董新林.</subfield>
      </datafield>
      <datafield tag="546" ind1=" " ind2=" ">
         <subfield code="a">Table of contents also in English.</subfield>
      </datafield>
      <datafield tag="650" ind1=" " ind2="0">
         <subfield code="a">Mural painting and decoration, Chinese</subfield>
         <subfield code="z">China</subfield>
         <subfield code="x">History.</subfield>
      </datafield>
      <datafield tag="650" ind1=" " ind2="0">
         <subfield code="a">Tombs</subfield>
         <subfield code="z">China</subfield>
         <subfield code="x">History.</subfield>
      </datafield>
      <datafield tag="650" ind1=" " ind2="7">
         <subfield code="a">Mural painting and decoration, Chinese.</subfield>
         <subfield code="2">fast</subfield>
         <subfield code="0">(OCoLC)fst01029617</subfield>
      </datafield>
      <datafield tag="650" ind1=" " ind2="7">
         <subfield code="a">Tombs.</subfield>
         <subfield code="2">fast</subfield>
         <subfield code="0">(OCoLC)fst01152439</subfield>
      </datafield>
      <datafield tag="651" ind1=" " ind2="7">
         <subfield code="a">China.</subfield>
         <subfield code="2">fast</subfield>
         <subfield code="0">(OCoLC)fst01206073</subfield>
      </datafield>
      <datafield tag="655" ind1=" " ind2="7">
         <subfield code="a">History.</subfield>
         <subfield code="2">fast</subfield>
         <subfield code="0">(OCoLC)fst01411628</subfield>
      </datafield>
      <datafield tag="700" ind1="0" ind2=" ">
         <subfield code="a">Wu Hung,</subfield>
         <subfield code="d">1945-</subfield>
         <subfield code="6">880-06</subfield>
      </datafield>
      <datafield tag="700" ind1="1" ind2=" ">
         <subfield code="a">Zheng, Yan,</subfield>
         <subfield code="d">1966-</subfield>
         <subfield code="6">880-07</subfield>
      </datafield>
      <datafield tag="710" ind1="1" ind2="2">
         <subfield code="6">880-08</subfield>
         <subfield code="a">Gu dai mu zang mei shu yan jiu guo ji xue shu hui yi</subfield>
         <subfield code="n">(1st :</subfield>
         <subfield code="d">2009 :</subfield>
         <subfield code="c">Beijing, China)</subfield>
      </datafield>
      <datafield tag="880" ind1="0" ind2="0">
         <subfield code="6">245-01/</subfield>
         <subfield code="a">古代墓葬美术研究.</subfield>
         <subfield code="n">第一辑 /</subfield>
         <subfield code="c">[巫鸿, 郑岩主编]</subfield>
      </datafield>
      <datafield tag="880" ind1=" " ind2=" ">
         <subfield code="6">250-02/</subfield>
         <subfield code="a">第1版</subfield>
      </datafield>
      <datafield tag="880" ind1=" " ind2=" ">
         <subfield code="6">260-03/</subfield>
         <subfield code="a">北京市 :</subfield>
         <subfield code="b">文物出版社,</subfield>
         <subfield code="c">2011</subfield>
      </datafield>
      <datafield tag="880" ind1="0" ind2="0">
         <subfield code="6">505-04/</subfield>
         <subfield code="t">中国古代壁画略说 = An overview of ancient Chinese murals /</subfield>
         <subfield code="r">杨泓 --</subfield>
         <subfield code="t">亚洲视野中的秦兵马俑 = The Qin terra-cotta army in a Pan-Asian perspective /</subfield>
         <subfield code="r">倪克鲁 --</subfield>
         <subfield code="t">论汉代墓室壁画的功能 = On the function of Han dynasty tomb murals /</subfield>
         <subfield code="r">黄佩贤 --</subfield>
         <subfield code="t">引魂灵璧 = The Bi-disk as a conduit of the soul /</subfield>
         <subfield code="r">巫鸿 --</subfield>
         <subfield code="t">孔子师老子 = “Confucius meets Laozi” in Han art /</subfield>
         <subfield code="r">缪哲 --</subfield>
         <subfield code="t">汉画阴阳主神考 = A study of principal deities of Yin-Yang forces in Han pictorial art /</subfield>
         <subfield code="r">贺西林 --</subfield>
         <subfield code="t">中国中古时期墓葬中的天界表象 : 东亚的比较视野 = Representations of celestial spheres in medieval Chinese tombs: a comparative East Asian approach /</subfield>
         <subfield code="r">林圣智 --</subfield>
         <subfield code="t">从沙岭壁画墓看北魏平城时期的丧葬美术 = A painted tomb at Shaling and Northern Wei funerary art of the Pingcheng Period /</subfield>
         <subfield code="r">徐润庆 --</subfield>
         <subfield code="t">再论石材 : 以北朝墓葬为中心 = Rethinking stone as material with a focus on Northern Dynasties tombs /</subfield>
         <subfield code="r">郑如珀 --</subfield>
         <subfield code="t">现实与理想之间 : 安伽、史君墓石刻图像的思考 = Between Reality and Ideal: A Reflection on the Stone Carvings in the Tombs of An Qie and Master Shi /</subfield>
         <subfield code="r">齐东方 --</subfield>
         <subfield code="t">逝者的“面具” : 再论北周康业墓石棺床画像 = The “Masks” of the Dead: A Reexamination of the Pictorial Carvings on the Stone Funerary Couch from Kang Ye’s Tomb of the Northern Zhou /</subfield>
         <subfield code="r">郑岩 --</subfield>
      </datafield>
      <datafield tag="880" ind1="0" ind2="0">
         <subfield code="6">505-05/</subfield>
         <subfield code="t">隋唐墓葬艺术中的佛教文化因素 : 以唐陵神道石柱为例 = Buddhist Elements in Sui and Tang Funerary Art as Seen on the Stone Columns along the Spirit Paths in Tang Mausoleums /</subfield>
         <subfield code="r">李星明 --</subfield>
         <subfield code="t">唐代花鸟画研究新视野 : 墓葬材料引发的思考 = A New Vista in the Study of Tang Dynasty Bird-and-Flower Paintings: Ideas Inspired by Funerary Evidence /</subfield>
         <subfield code="r">刘婕 --</subfield>
         <subfield code="t">图像与仪式 : 宋金仿木构砖雕壁画墓图像题材探析 = Images and Ceremonies: Decorative Motifs in Painted Brick Tombs of the Song-Jin Period with Imitation-Timber Structures /</subfield>
         <subfield code="r">邓菲 --</subfield>
         <subfield code="t">勉世与娱情 : 宋金墓葬壁画中的一桌二椅到夫妇共坐 = Moral Instruction and Entertainment: From the One-Table/Two-Chairs Motif to the Joint Portraits of Husband and Wife in Song-Jin Tomb Murals /</subfield>
         <subfield code="r">张鹏 --</subfield>
         <subfield code="t">空间逻辑与视觉意味 : 宋辽金墓“妇人启门”图新论 = Spatial Logic and Visual Significance: Reinterpreting Images Representing Women in Half-Open Doors in Song, Liao, and Jin Tombs /</subfield>
         <subfield code="r">李清泉 --</subfield>
         <subfield code="t">蒙元壁画墓时代特征初探 : 兼论登封王上等壁画墓的年代 = A Preliminary Study of Period Characteristics of Yuan-Dynasty Painted Tombs, with a Related Discussion on the Dates of Painted Tombs at Dengfeng, Wangshang, and Other Site /</subfield>
         <subfield code="r">董新林.</subfield>
      </datafield>
      <datafield tag="880" ind1="1" ind2=" ">
         <subfield code="6">700-06/</subfield>
         <subfield code="a">巫鸿,</subfield>
         <subfield code="d">1945-</subfield>
      </datafield>
      <datafield tag="880" ind1="1" ind2=" ">
         <subfield code="6">700-07/</subfield>
         <subfield code="a">郑岩,</subfield>
         <subfield code="d">1966-</subfield>
      </datafield>
      <datafield tag="880" ind1="1" ind2="2">
         <subfield code="6">710-08/</subfield>
         <subfield code="a">古代墓葬美术研究国际学术会议</subfield>
         <subfield code="n">(1st :</subfield>
         <subfield code="d">2009 :</subfield>
         <subfield code="c">Beijing, China)</subfield>
      </datafield>
      <datafield tag="994" ind1=" " ind2=" ">
         <subfield code="a">Z0</subfield>
         <subfield code="b">ZYU</subfield>
      </datafield>
      <datafield tag="OWN" ind1=" " ind2=" ">
         <subfield code="a">GENERAL</subfield>
      </datafield>
      <datafield tag="AVA" ind1=" " ind2=" ">
         <subfield code="a">NYU50</subfield>
         <subfield code="b">NISAW</subfield>
         <subfield code="c">Small Collection</subfield>
         <subfield code="d">N7343 .G82 2011</subfield>
         <subfield code="e">available</subfield>
         <subfield code="t">Available</subfield>
         <subfield code="f">1</subfield>
         <subfield code="g">0</subfield>
         <subfield code="h">Y</subfield>
         <subfield code="i">0</subfield>
         <subfield code="j">SMALL</subfield>
         <subfield code="k">0</subfield>
      </datafield>
      <marc:datafield tag="852" ind1=" " ind2=" ">
         <marc:subfield code="b">Institute for the Study of the Ancient World, </marc:subfield>
         <marc:subfield code="c">Small Collection</marc:subfield>
         <marc:subfield code="e">15 East 84th St., </marc:subfield>
         <marc:subfield code="e">New York, NY  10028</marc:subfield>
      </marc:datafield>
   </record>