
  
  
  
  
  
 
  
  <record xsi:schemaLocation="http://www.loc.gov/MARC21/slim http://www.loc.gov/standards/marcxml/schema/MARC21slim.xsd">
      <leader>00000cam a2200589 a 4500</leader>
      <controlfield tag="FMT">BK</controlfield>
      <controlfield tag="LDR">00000cam a2200589 a 4500</controlfield>
      <controlfield tag="001">003999747</controlfield>
      <controlfield tag="003">OCoLC</controlfield>
      <controlfield tag="005">20140609153042.0</controlfield>
      <controlfield tag="008">140609s1939    ilu      b    000 0 eng c</controlfield>
      <datafield tag="010" ind1=" " ind2=" ">
         <subfield code="a">a 39001076</subfield>
      </datafield>
      <datafield tag="035" ind1=" " ind2=" ">
         <subfield code="a">(OCoLC)3756147</subfield>
         <subfield code="z">(OCoLC)12111614</subfield>
         <subfield code="z">(OCoLC)35787880</subfield>
         <subfield code="z">(OCoLC)37185731</subfield>
         <subfield code="z">(OCoLC)195826027</subfield>
         <subfield code="z">(OCoLC)315953877</subfield>
      </datafield>
      <datafield tag="040" ind1=" " ind2=" ">
         <subfield code="a">Chicago Univ. Library</subfield>
         <subfield code="b">eng</subfield>
         <subfield code="c">TMS</subfield>
         <subfield code="d">DLC</subfield>
         <subfield code="d">OCLCQ</subfield>
         <subfield code="d">OCLCG</subfield>
         <subfield code="d">GEBAY</subfield>
         <subfield code="d">UKMGB</subfield>
         <subfield code="d">OCLCF</subfield>
         <subfield code="d">NNU</subfield>
      </datafield>
      <datafield tag="043" ind1=" " ind2=" ">
         <subfield code="a">f-ua---</subfield>
      </datafield>
      <datafield tag="050" ind1=" " ind2="4">
         <subfield code="a">DT86</subfield>
         <subfield code="b">.E54 1939</subfield>
      </datafield>
      <datafield tag="082" ind1="0" ind2="4">
         <subfield code="a">932.01</subfield>
      </datafield>
      <datafield tag="100" ind1="1" ind2=" ">
         <subfield code="a">Engberg, Robert M.</subfield>
         <subfield code="q">(Robert Martin),</subfield>
         <subfield code="d">1906-</subfield>
      </datafield>
      <datafield tag="245" ind1="1" ind2="4">
         <subfield code="a">The Hyksos reconsidered /</subfield>
         <subfield code="c">by Robert M. Engberg.</subfield>
      </datafield>
      <datafield tag="260" ind1=" " ind2=" ">
         <subfield code="a">Chicago :</subfield>
         <subfield code="b">University of Chicago Press,</subfield>
         <subfield code="c">1939.</subfield>
      </datafield>
      <datafield tag="300" ind1=" " ind2=" ">
         <subfield code="a">xi, 50 p. ;</subfield>
         <subfield code="c">25 cm.</subfield>
      </datafield>
      <datafield tag="490" ind1="1" ind2=" ">
         <subfield code="a">Studies in ancient oriental civilization ;</subfield>
         <subfield code="v">no. 18</subfield>
      </datafield>
      <datafield tag="500" ind1=" " ind2=" ">
         <subfield code="a">Originally issued as the author's thesis (Ph. D.)--University of Chicago, 1937.</subfield>
      </datafield>
      <datafield tag="504" ind1=" " ind2=" ">
         <subfield code="a">Includes bibliographical references.</subfield>
      </datafield>
      <datafield tag="500" ind1=" " ind2=" ">
         <subfield code="a">ISAW copy is from the Library of Hayim and Miriam Tadmor.</subfield>
         <subfield code="5">NNU</subfield>
      </datafield>
      <datafield tag="650" ind1=" " ind2="0">
         <subfield code="a">Hyksos.</subfield>
      </datafield>
      <datafield tag="651" ind1=" " ind2="0">
         <subfield code="a">Egypt</subfield>
         <subfield code="x">History</subfield>
         <subfield code="y">To 332 B.C.</subfield>
      </datafield>
      <datafield tag="650" ind1=" " ind2="7">
         <subfield code="a">Hyksos.</subfield>
         <subfield code="2">fast</subfield>
         <subfield code="0">(OCoLC)fst00965402</subfield>
      </datafield>
      <datafield tag="651" ind1=" " ind2="7">
         <subfield code="a">Egypt.</subfield>
         <subfield code="2">fast</subfield>
         <subfield code="0">(OCoLC)fst01208755</subfield>
      </datafield>
      <datafield tag="648" ind1=" " ind2="7">
         <subfield code="a">To 332 B.C.</subfield>
         <subfield code="2">fast</subfield>
      </datafield>
      <datafield tag="655" ind1=" " ind2="7">
         <subfield code="a">History.</subfield>
         <subfield code="2">fast</subfield>
         <subfield code="0">(OCoLC)fst01411628</subfield>
      </datafield>
      <datafield tag="776" ind1="0" ind2="8">
         <subfield code="i">Online version:</subfield>
         <subfield code="a">Engberg, Robert M. (Robert Martin), 1906-</subfield>
         <subfield code="t">Hyksos reconsidered.</subfield>
         <subfield code="d">Chicago, Ill. : University of Chicago Press, 1939</subfield>
         <subfield code="w">(OCoLC)645832985</subfield>
      </datafield>
      <datafield tag="796" ind1="1" ind2=" ">
         <subfield code="a">Tadmor, Hayim,</subfield>
         <subfield code="e">former owner.</subfield>
      </datafield>
      <datafield tag="796" ind1="1" ind2=" ">
         <subfield code="a">Tadmor, Miriam,</subfield>
         <subfield code="e">former owner.</subfield>
      </datafield>
      <datafield tag="797" ind1="2" ind2=" ">
         <subfield code="a">Tadmor Collection.</subfield>
      </datafield>
      <datafield tag="830" ind1=" " ind2="0">
         <subfield code="a">Studies in ancient oriental civilization ;</subfield>
         <subfield code="v">no. 18.</subfield>
      </datafield>
      <datafield tag="994" ind1=" " ind2=" ">
         <subfield code="a">Z0</subfield>
         <subfield code="b">ZYU</subfield>
      </datafield>
      <datafield tag="OWN" ind1=" " ind2=" ">
         <subfield code="a">GENERAL</subfield>
      </datafield>
      <datafield tag="936" ind1=" " ind2=" ">
         <subfield code="a">PR 490847154</subfield>
      </datafield>
      <datafield tag="AVA" ind1=" " ind2=" ">
         <subfield code="a">NYU50</subfield>
         <subfield code="b">NISAW</subfield>
         <subfield code="c">Small Collection</subfield>
         <subfield code="d">DT86 .E54 1939</subfield>
         <subfield code="e">available</subfield>
         <subfield code="t">Available</subfield>
         <subfield code="f">1</subfield>
         <subfield code="g">0</subfield>
         <subfield code="h">N</subfield>
         <subfield code="i">0</subfield>
         <subfield code="j">SMALL</subfield>
         <subfield code="k">0</subfield>
      </datafield>
      <marc:datafield tag="852" ind1=" " ind2=" ">
         <marc:subfield code="b">Institute for the Study of the Ancient World, </marc:subfield>
         <marc:subfield code="c">Small Collection</marc:subfield>
         <marc:subfield code="e">15 East 84th St., </marc:subfield>
         <marc:subfield code="e">New York, NY  10028</marc:subfield>
      </marc:datafield>
   </record>