
  
  
  
  
  
  
 
  
  <record xsi:schemaLocation="http://www.loc.gov/MARC21/slim http://www.loc.gov/standards/marcxml/schema/MARC21slim.xsd">
      <leader>00000cam  2200601 a 4500</leader>
      <controlfield tag="FMT">BK</controlfield>
      <controlfield tag="LDR">00000cam  2200601 a 4500</controlfield>
      <controlfield tag="001">003999873</controlfield>
      <controlfield tag="003">OCoLC</controlfield>
      <controlfield tag="005">20140623135420.0</controlfield>
      <controlfield tag="008">140610s2009    cc a     b    000 0 chi d</controlfield>
      <datafield tag="010" ind1=" " ind2=" ">
         <subfield code="a">2009392655</subfield>
      </datafield>
      <datafield tag="020" ind1=" " ind2=" ">
         <subfield code="a">9787030231208</subfield>
      </datafield>
      <datafield tag="020" ind1=" " ind2=" ">
         <subfield code="a">7030231201</subfield>
      </datafield>
      <datafield tag="035" ind1=" " ind2=" ">
         <subfield code="a">(OCoLC)612335108</subfield>
      </datafield>
      <datafield tag="040" ind1=" " ind2=" ">
         <subfield code="a">CNPIT</subfield>
         <subfield code="b">eng</subfield>
         <subfield code="c">CNPIT</subfield>
         <subfield code="d">DLC</subfield>
         <subfield code="d">HNK</subfield>
         <subfield code="d">OCLCF</subfield>
         <subfield code="d">NNU</subfield>
      </datafield>
      <datafield tag="041" ind1="0" ind2=" ">
         <subfield code="a">chi</subfield>
         <subfield code="b">eng</subfield>
      </datafield>
      <datafield tag="042" ind1=" " ind2=" ">
         <subfield code="a">lccopycat</subfield>
      </datafield>
      <datafield tag="043" ind1=" " ind2=" ">
         <subfield code="a">a-cc---</subfield>
      </datafield>
      <datafield tag="050" ind1="0" ind2="0">
         <subfield code="a">DS744</subfield>
         <subfield code="b">.D86 2008</subfield>
      </datafield>
      <datafield tag="066" ind1=" " ind2=" ">
         <subfield code="c">$1</subfield>
      </datafield>
      <datafield tag="245" ind1="0" ind2="0">
         <subfield code="6">880-01</subfield>
         <subfield code="a">Duo wei shi yu :</subfield>
         <subfield code="b">Shang wang chao yu Zhongguo zao qi wen ming yan jiu /</subfield>
         <subfield code="c">Jing Zhichun, Tang Jigen, Gaodao qianyi bian.</subfield>
      </datafield>
      <datafield tag="246" ind1="3" ind2="0">
         <subfield code="6">880-02</subfield>
         <subfield code="a">Shang wang chao yu Zhongguo zao qi wen ming yan jiu</subfield>
      </datafield>
      <datafield tag="250" ind1=" " ind2=" ">
         <subfield code="6">880-03</subfield>
         <subfield code="a">Di 1 ban.</subfield>
      </datafield>
      <datafield tag="260" ind1=" " ind2=" ">
         <subfield code="6">880-04</subfield>
         <subfield code="a">Beijing :</subfield>
         <subfield code="b">Ke xue chu ban she,</subfield>
         <subfield code="c">2009.</subfield>
      </datafield>
      <datafield tag="300" ind1=" " ind2=" ">
         <subfield code="a">iv, 290 p. :</subfield>
         <subfield code="b">ill. ;</subfield>
         <subfield code="c">26 cm.</subfield>
      </datafield>
      <datafield tag="504" ind1=" " ind2=" ">
         <subfield code="a">Includes bibliographical references.</subfield>
      </datafield>
      <datafield tag="505" ind1="0" ind2="0">
         <subfield code="6">880-05</subfield>
         <subfield code="t">Erlitou yu Zhong hua wen ming de xing cheng : yi zhong xin si wei /</subfield>
         <subfield code="r">Ai Lan --</subfield>
         <subfield code="t">Xiebeigang mu di yi shu shi yan jiu de xin xian suo : guan kui Yin Shang wang shi gong yi /</subfield>
         <subfield code="r">Chen Fangmei --</subfield>
         <subfield code="t">Shang wang chao jing lue dong fang de kao gu xue guan cha /</subfield>
         <subfield code="r">Fang Hui --</subfield>
         <subfield code="t">Zhen ren : guangyu Zhongguo zao qi shi zhuo zhan bu qi yuan yu fa zhan de yi xie si kao /</subfield>
         <subfield code="r">Fu Luowen --</subfield>
         <subfield code="t">Cong xin shi qi shi dai kan Zhongguo wen ming he xin de xing cheng /</subfield>
         <subfield code="r">Xu Zhuoyun --</subfield>
         <subfield code="t">Yin xu jia gu wen zhi qian de Shang dai wen zi /</subfield>
         <subfield code="r">Huang Dekuan --</subfield>
         <subfield code="t">Cong Yin xu qing tong qi zu hui suo dai biao de zu shi de di li fen bu kan Shang wan chao de tong xia fan wei yu tong xia cuo shi /</subfield>
         <subfield code="r">Li Boqian --</subfield>
         <subfield code="t">Zhongguo zao qi guo jia zheng zhi ge ju de bian hua /</subfield>
         <subfield code="r">Liu Li --</subfield>
         <subfield code="t">Shang dai qian qi de guo jia zheng ti : cong Erligang wen hua cheng zhi he gong shi jian zhu ji zhi de jiao du /</subfield>
         <subfield code="r">Sun Hua --</subfield>
         <subfield code="t">Shang dai tao qi sheng chan : Yin xu, Huanbei Shang cheng chu tu tao qi de yan xiang xue fen xi /</subfield>
         <subfield code="r">James Stoltman, Jing Zhichun, Tang Jigen, George (Rip) Rapp --</subfield>
         <subfield code="t">Ru he shi du jia gu wen : dui xian xing fang fa zhi pi pan /</subfield>
         <subfield code="r">Gaomingqianyi --</subfield>
         <subfield code="t">Shang dai de kai xuan yi shi : ying fu gao miao de dian li /</subfield>
         <subfield code="r">Cai Zhimao --</subfield>
         <subfield code="t">Shang wang chao yu fang guo /</subfield>
         <subfield code="r">Wang Wei --</subfield>
         <subfield code="t">Tan shang jia zhi Tang mie Xia qian Shang zu zqo qi guo jia de xing cheng /</subfield>
         <subfield code="r">Wang Yuxin --</subfield>
         <subfield code="t">Zhongguo zqo qi wen ming de biao zhi : yu qi /</subfield>
         <subfield code="r">Wen Guang --</subfield>
         <subfield code="t">Wang quan, cheng shi yu guo jia : bi jiao kao gu xue shi ye zhong de Zhongguo zao qi cheng shi /</subfield>
         <subfield code="r">Ye Fei, Li Min.</subfield>
      </datafield>
      <datafield tag="520" ind1=" " ind2=" ">
         <subfield code="6">880-06</subfield>
         <subfield code="a">"Ben shu shi 2005 nian 3 yue zai Wen'gehua Ying shu Gelunbiya da xue zhao kai de 'Zhongguo gu wen ming lun tan (Workshop on Chinese civilization, UBC, March 2005) hui yi bu ren lun wen de wen ji"--Abstract.</subfield>
      </datafield>
      <datafield tag="546" ind1=" " ind2=" ">
         <subfield code="a">Abstracts also in English.</subfield>
      </datafield>
      <datafield tag="651" ind1=" " ind2="0">
         <subfield code="a">China</subfield>
         <subfield code="x">History</subfield>
         <subfield code="y">Shang dynasty, 1766-1122 B.C.</subfield>
         <subfield code="6">880-07</subfield>
      </datafield>
      <datafield tag="651" ind1=" " ind2="0">
         <subfield code="a">China</subfield>
         <subfield code="x">Civilization</subfield>
         <subfield code="y">To 221 B.C.</subfield>
         <subfield code="6">880-08</subfield>
      </datafield>
      <datafield tag="651" ind1=" " ind2="0">
         <subfield code="a">China</subfield>
         <subfield code="x">Antiquities</subfield>
         <subfield code="6">880-09</subfield>
      </datafield>
      <datafield tag="650" ind1=" " ind2="7">
         <subfield code="a">Antiquities.</subfield>
         <subfield code="2">fast</subfield>
         <subfield code="0">(OCoLC)fst00810745</subfield>
      </datafield>
      <datafield tag="650" ind1=" " ind2="7">
         <subfield code="a">Civilization.</subfield>
         <subfield code="2">fast</subfield>
         <subfield code="0">(OCoLC)fst00862898</subfield>
      </datafield>
      <datafield tag="650" ind1=" " ind2="7">
         <subfield code="a">Shang Dynasty (China)</subfield>
         <subfield code="2">fast</subfield>
         <subfield code="0">(OCoLC)fst01696775</subfield>
      </datafield>
      <datafield tag="651" ind1=" " ind2="7">
         <subfield code="a">China.</subfield>
         <subfield code="2">fast</subfield>
         <subfield code="0">(OCoLC)fst01206073</subfield>
      </datafield>
      <datafield tag="648" ind1=" " ind2="7">
         <subfield code="a">To 221 B.C.</subfield>
         <subfield code="2">fast</subfield>
      </datafield>
      <datafield tag="655" ind1=" " ind2="7">
         <subfield code="a">History.</subfield>
         <subfield code="2">fast</subfield>
         <subfield code="0">(OCoLC)fst01411628</subfield>
      </datafield>
      <datafield tag="700" ind1="1" ind2=" ">
         <subfield code="a">Jing, Zhichun</subfield>
         <subfield code="6">880-10</subfield>
      </datafield>
      <datafield tag="700" ind1="1" ind2=" ">
         <subfield code="a">Tang, Jigen</subfield>
         <subfield code="6">880-11</subfield>
      </datafield>
      <datafield tag="700" ind1="1" ind2=" ">
         <subfield code="a">Takashima, Ken'ichi,</subfield>
         <subfield code="d">1939-</subfield>
         <subfield code="6">880-12</subfield>
      </datafield>
      <datafield tag="880" ind1="0" ind2="0">
         <subfield code="6">245-01/</subfield>
         <subfield code="a">多维视域 :</subfield>
         <subfield code="b">商王朝与中国早期文明研究 /</subfield>
         <subfield code="c">荊志淳, 唐际根, 高嶋谦一编.</subfield>
      </datafield>
      <datafield tag="880" ind1="3" ind2="0">
         <subfield code="6">246-02/</subfield>
         <subfield code="a">商王朝与中国早期文明研究</subfield>
      </datafield>
      <datafield tag="880" ind1=" " ind2=" ">
         <subfield code="6">250-03/</subfield>
         <subfield code="a">第1版.</subfield>
      </datafield>
      <datafield tag="880" ind1=" " ind2=" ">
         <subfield code="6">260-04/</subfield>
         <subfield code="a">北京 :</subfield>
         <subfield code="b">科学出版社,</subfield>
         <subfield code="c">2009.</subfield>
      </datafield>
      <datafield tag="880" ind1="0" ind2="0">
         <subfield code="6">505-05/</subfield>
         <subfield code="t">二里头与中华文明的形成 : 一种新思维 /</subfield>
         <subfield code="r">艾兰 --</subfield>
         <subfield code="t">西北冈墓地艺术史研究的新线索 : 管窥殷商王室工艺 /</subfield>
         <subfield code="r">陈芳妹 --</subfield>
         <subfield code="t">商王朝经略东方的考古学观察 /</subfield>
         <subfield code="r">方辉 --</subfield>
         <subfield code="t">贞人 : 关于中国早期施灼占卜起源与发展的一些思考 /</subfield>
         <subfield code="r">傅罗文--</subfield>
         <subfield code="t">从新石器时代看中国文明核心的形成 /</subfield>
         <subfield code="r">徐卓云 --</subfield>
         <subfield code="t">殷墟甲骨文之前的商代文字 /</subfield>
         <subfield code="r">黄德宽 --</subfield>
         <subfield code="t">从殷墟青铜器族徽所代表的族氏的地理分布看商王朝的统辖范围与统辖措施 /</subfield>
         <subfield code="r">李伯谦 --</subfield>
         <subfield code="t">中国早期国家政治格局的变化 /</subfield>
         <subfield code="r">刘莉 --</subfield>
         <subfield code="t">商代前期的国家政体 : 从二里冈文化城址和宫室建筑基址的角度 /</subfield>
         <subfield code="r">孙华 --</subfield>
         <subfield code="t">商代陶器生产 : 殷墟, 洹北商城出土陶器的岩相学分析 /</subfield>
         <subfield code="r">James Stoltman, 荆志淳, 唐际根, George (Rip) Rapp --</subfield>
         <subfield code="t">如何释读甲骨文 : 对现行方法之批判 /</subfield>
         <subfield code="r">高鸣谦一 --</subfield>
         <subfield code="t">商代的凯旋仪式 : 迎俘告庙的典礼 /</subfield>
         <subfield code="r">蔡哲茂 --</subfield>
         <subfield code="t">商王朝与方国 /</subfield>
         <subfield code="r">王巍 --</subfield>
         <subfield code="t">谈上甲至汤灭夏前商族早期国家的形成 /</subfield>
         <subfield code="r">王宇信 --</subfield>
         <subfield code="t">中国早期文明的标志 : 玉器 /</subfield>
         <subfield code="r">闻广 --</subfield>
         <subfield code="t">王权, 城市与国家 : 比较考古学视野中的中国早期城市 /</subfield>
         <subfield code="r">叶斐, 李旻.</subfield>
      </datafield>
      <datafield tag="880" ind1=" " ind2=" ">
         <subfield code="6">520-06/</subfield>
         <subfield code="a">"本书是2005年3月在温哥华英属哥伦比亚大学召开的 '中国古文明论坛' (Workshop on Chinese civilization, UBC, March 2005)会议部分论文的文集"--Abstract.</subfield>
      </datafield>
      <datafield tag="880" ind1=" " ind2="4">
         <subfield code="6">651-07/</subfield>
         <subfield code="a">中国</subfield>
         <subfield code="x">History</subfield>
         <subfield code="y">Shang dynasty, 1766-1122 B.C.</subfield>
      </datafield>
      <datafield tag="880" ind1=" " ind2="4">
         <subfield code="6">651-08/</subfield>
         <subfield code="a">中国</subfield>
         <subfield code="x">Civilization</subfield>
         <subfield code="y">To 221 B.C.</subfield>
      </datafield>
      <datafield tag="880" ind1=" " ind2="4">
         <subfield code="6">651-09/</subfield>
         <subfield code="a">中国</subfield>
         <subfield code="x">Antiquities.</subfield>
      </datafield>
      <datafield tag="880" ind1="1" ind2=" ">
         <subfield code="6">700-10/</subfield>
         <subfield code="a">荊志淳.</subfield>
      </datafield>
      <datafield tag="880" ind1="1" ind2=" ">
         <subfield code="6">700-11/</subfield>
         <subfield code="a">唐际根.</subfield>
      </datafield>
      <datafield tag="880" ind1="1" ind2=" ">
         <subfield code="6">700-12/</subfield>
         <subfield code="a">高嶋謙一,</subfield>
         <subfield code="d">1939-</subfield>
      </datafield>
      <datafield tag="994" ind1=" " ind2=" ">
         <subfield code="a">Z0</subfield>
         <subfield code="b">ZYU</subfield>
      </datafield>
      <datafield tag="OWN" ind1=" " ind2=" ">
         <subfield code="a">GENERAL</subfield>
      </datafield>
      <datafield tag="AVA" ind1=" " ind2=" ">
         <subfield code="a">NYU50</subfield>
         <subfield code="b">NISAW</subfield>
         <subfield code="c">Small Collection</subfield>
         <subfield code="d">DS744 .D86 2008</subfield>
         <subfield code="e">available</subfield>
         <subfield code="t">Available</subfield>
         <subfield code="f">1</subfield>
         <subfield code="g">0</subfield>
         <subfield code="h">N</subfield>
         <subfield code="i">0</subfield>
         <subfield code="j">SMALL</subfield>
         <subfield code="k">0</subfield>
      </datafield>
      <marc:datafield tag="852" ind1=" " ind2=" ">
         <marc:subfield code="b">Institute for the Study of the Ancient World, </marc:subfield>
         <marc:subfield code="c">Small Collection</marc:subfield>
         <marc:subfield code="e">15 East 84th St., </marc:subfield>
         <marc:subfield code="e">New York, NY  10028</marc:subfield>
      </marc:datafield>
   </record>