
  
  
  
  
  
  
  
 
  
  <record xsi:schemaLocation="http://www.loc.gov/MARC21/slim http://www.loc.gov/standards/marcxml/schema/MARC21slim.xsd">
      <leader>00000cam a2200289 a 45M</leader>
      <controlfield tag="FMT">BK</controlfield>
      <controlfield tag="LDR">00000cam a2200289 a 45M</controlfield>
      <controlfield tag="001">001720609</controlfield>
      <controlfield tag="003">NNU</controlfield>
      <controlfield tag="005">20140610124018.0</controlfield>
      <controlfield tag="008">930405s1989    fr a     b    101 0 fre d</controlfield>
      <datafield tag="020" ind1=" " ind2=" ">
         <subfield code="a">2908322145 (pbk.)</subfield>
      </datafield>
      <datafield tag="035" ind1="9" ind2=" ">
         <subfield code="a">NYUb12275991</subfield>
      </datafield>
      <datafield tag="035" ind1=" " ind2=" ">
         <subfield code="a">(CStRLIN)RIBG93-B8745</subfield>
      </datafield>
      <datafield tag="040" ind1=" " ind2=" ">
         <subfield code="a">TxU</subfield>
         <subfield code="c">TxU</subfield>
         <subfield code="d">CU</subfield>
         <subfield code="d">RPB</subfield>
         <subfield code="d">NNU</subfield>
      </datafield>
      <datafield tag="041" ind1="0" ind2=" ">
         <subfield code="a">eng</subfield>
         <subfield code="a">fre</subfield>
         <subfield code="a">ger</subfield>
         <subfield code="a">ita</subfield>
      </datafield>
      <datafield tag="043" ind1=" " ind2=" ">
         <subfield code="a">a-ir---</subfield>
      </datafield>
      <datafield tag="050" ind1=" " ind2="4">
         <subfield code="a">DS281</subfield>
         <subfield code="b">.T75 1989</subfield>
      </datafield>
      <datafield tag="245" ind1="0" ind2="3">
         <subfield code="a">Le tribut dans l'Empire perse :</subfield>
         <subfield code="b">actes de la table ronde de Paris, 12-13 décembre 1986 /</subfield>
         <subfield code="c">[édité par] Pierre Briant et Clarisse Herrenschmidt.</subfield>
      </datafield>
      <datafield tag="260" ind1=" " ind2=" ">
         <subfield code="a">Paris :</subfield>
         <subfield code="b">Peeters,</subfield>
         <subfield code="c">1989.</subfield>
      </datafield>
      <datafield tag="300" ind1=" " ind2=" ">
         <subfield code="a">xiii, 230 p. :</subfield>
         <subfield code="b">ill., map ;</subfield>
         <subfield code="c">24 cm.</subfield>
      </datafield>
      <datafield tag="490" ind1="1" ind2=" ">
         <subfield code="a">Travaux de l'Institut d'études iraniennes de l'Université de la Sorbonne nouvelle ;</subfield>
         <subfield code="v">13</subfield>
      </datafield>
      <datafield tag="546" ind1=" " ind2=" ">
         <subfield code="a">Contributions in English, French, German, or Italian.</subfield>
      </datafield>
      <datafield tag="504" ind1=" " ind2=" ">
         <subfield code="a">Includes bibliographical references and index.</subfield>
      </datafield>
      <datafield tag="500" ind1=" " ind2=" ">
         <subfield code="a">ISAW copy is from the Library of Hayim and Miriam Tadmor.</subfield>
         <subfield code="5">NNU</subfield>
      </datafield>
      <datafield tag="505" ind1="0" ind2="0">
         <subfield code="t">Ionia and Sparda under the Achaemenid empire, the 6th and 5th centures B.C. : tribute taxation and assessment /</subfield>
         <subfield code="r">Jack M. Balcer --</subfield>
         <subfield code="t">Osservazioni sul sistema tributario dell'Egitto durante la dominazione persiana /</subfield>
         <subfield code="r">Edda Bresciani --</subfield>
         <subfield code="t">Table du roi, tribut et redistribution chez les Achéménides /</subfield>
         <subfield code="r">Pierre Briant --</subfield>
         <subfield code="t">Tribute and taxation, or, How to finance early states and empires /</subfield>
         <subfield code="r">Henri J.M. Claessen --</subfield>
         <subfield code="t">Autonomia cittadina e fiscalità regia : le città greche d'Asia nel sistema tributario achemenide /</subfield>
         <subfield code="r">Mauro Corsaro --</subfield>
         <subfield code="t">Notes sur la politique tributaire de Darius Ier /</subfield>
         <subfield code="r">Raymond Descat --</subfield>
         <subfield code="t">Tithe ešrû in Neo-Babylonian and Achaemenid period /</subfield>
         <subfield code="r">Grazia Giovinazzo --</subfield>
         <subfield code="t">Tribut dans les inscriptions en vieux-perse et dans les tablettes élamites /</subfield>
         <subfield code="r">Clarisse Herrenschmidt --</subfield>
         <subfield code="t">Tribut und Abgaben in Persis und Elymais /</subfield>
         <subfield code="r">Heidemarie Koch --</subfield>
         <subfield code="t">Gifts in the Persian empire /</subfield>
         <subfield code="r">Heleen Sancisi-Weerdenburg --</subfield>
         <subfield code="t">On interpreting tributary relationships in Achaemenid Babylonia /</subfield>
         <subfield code="r">Matthew W. Stopler --</subfield>
         <subfield code="t">Gold from Dardistan : some comparative remarks on the tribute system in the extreme northwest of the Indian subcontinent /</subfield>
         <subfield code="r">Willem Vogelsang --</subfield>
         <subfield code="t">Persian tribute and Delian tribute /</subfield>
         <subfield code="r">Herman T. Wallinga --</subfield>
         <subfield code="t">Tauta gar en atelea : Beobachtungen zur Abgabenfreiheit im Achaimenidenreich /</subfield>
         <subfield code="r">Josef Wiesehöfer --</subfield>
         <subfield code="t">Prehistory of the Achaemenid tributary system /</subfield>
         <subfield code="r">Carlo Zaccagnini --</subfield>
         <subfield code="t">Conclusions /</subfield>
         <subfield code="r">Amélie Kuhrt.</subfield>
      </datafield>
      <datafield tag="600" ind1="3" ind2="0">
         <subfield code="a">Achaemenid dynasty,</subfield>
         <subfield code="d">559-330 B.C.</subfield>
         <subfield code="v">Congresses.</subfield>
      </datafield>
      <datafield tag="650" ind1=" " ind2="0">
         <subfield code="a">Taxation</subfield>
         <subfield code="z">Iran</subfield>
         <subfield code="x">History</subfield>
         <subfield code="v">Congresses.</subfield>
      </datafield>
      <datafield tag="650" ind1=" " ind2="0">
         <subfield code="a">Finance, Public</subfield>
         <subfield code="z">Iran</subfield>
         <subfield code="x">History</subfield>
         <subfield code="v">Congresses.</subfield>
      </datafield>
      <datafield tag="700" ind1="1" ind2=" ">
         <subfield code="a">Briant, Pierre</subfield>
         <subfield code="e">ed.</subfield>
      </datafield>
      <datafield tag="700" ind1="1" ind2=" ">
         <subfield code="a">Herrenschmidt, Clarisse</subfield>
         <subfield code="e">ed.</subfield>
      </datafield>
      <datafield tag="796" ind1="1" ind2=" ">
         <subfield code="a">Tadmor, Hayim,</subfield>
         <subfield code="e">former owner.</subfield>
      </datafield>
      <datafield tag="796" ind1="1" ind2=" ">
         <subfield code="a">Tadmor, Miriam,</subfield>
         <subfield code="e">former owner.</subfield>
      </datafield>
      <datafield tag="797" ind1="2" ind2=" ">
         <subfield code="a">Tadmor Collection.</subfield>
      </datafield>
      <datafield tag="830" ind1=" " ind2="0">
         <subfield code="a">Travaux de l'Institut d'études iraniennes de l'Université de la Sorbonne nouvelle ;</subfield>
         <subfield code="v">13.</subfield>
      </datafield>
      <datafield tag="OWN" ind1=" " ind2=" ">
         <subfield code="a">GENERAL</subfield>
      </datafield>
      <datafield tag="AVA" ind1=" " ind2=" ">
         <subfield code="a">NYU50</subfield>
         <subfield code="b">BOBST</subfield>
         <subfield code="c">Main Collection</subfield>
         <subfield code="e">unavailable</subfield>
         <subfield code="t">Unavailable</subfield>
         <subfield code="f">1</subfield>
         <subfield code="g">1</subfield>
         <subfield code="h">N</subfield>
         <subfield code="i">0</subfield>
         <subfield code="j">MAIN</subfield>
         <subfield code="k">0</subfield>
      </datafield>
      <datafield tag="AVA" ind1=" " ind2=" ">
         <subfield code="a">NYU50</subfield>
         <subfield code="b">NISAW</subfield>
         <subfield code="c">Small Collection</subfield>
         <subfield code="d">DS281 .T75 1989</subfield>
         <subfield code="e">available</subfield>
         <subfield code="t">Available</subfield>
         <subfield code="f">1</subfield>
         <subfield code="g">0</subfield>
         <subfield code="h">N</subfield>
         <subfield code="i">0</subfield>
         <subfield code="j">SMALL</subfield>
         <subfield code="k">0</subfield>
      </datafield>
      <marc:datafield tag="852" ind1=" " ind2=" ">
         <marc:subfield code="b">Institute for the Study of the Ancient World, </marc:subfield>
         <marc:subfield code="c">Small Collection</marc:subfield>
         <marc:subfield code="e">15 East 84th St., </marc:subfield>
         <marc:subfield code="e">New York, NY  10028</marc:subfield>
      </marc:datafield>
   </record>