
  
  
  
  
  
  
  
 
  
  <record xsi:schemaLocation="http://www.loc.gov/MARC21/slim http://www.loc.gov/standards/marcxml/schema/MARC21slim.xsd">
      <leader>00000cam  22005175i 4500</leader>
      <controlfield tag="FMT">BK</controlfield>
      <controlfield tag="LDR">00000cam  22005175i 4500</controlfield>
      <controlfield tag="001">004000344</controlfield>
      <controlfield tag="003">OCoLC</controlfield>
      <controlfield tag="005">20140611154909.0</controlfield>
      <controlfield tag="008">140611s2013    cc a     b    000 0 chi d</controlfield>
      <datafield tag="020" ind1=" " ind2=" ">
         <subfield code="a">9787532566242</subfield>
      </datafield>
      <datafield tag="020" ind1=" " ind2=" ">
         <subfield code="a">7532566242</subfield>
      </datafield>
      <datafield tag="035" ind1=" " ind2=" ">
         <subfield code="a">(OCoLC)841873323</subfield>
      </datafield>
      <datafield tag="040" ind1=" " ind2=" ">
         <subfield code="a">CNPIT</subfield>
         <subfield code="b">eng</subfield>
         <subfield code="e">rda</subfield>
         <subfield code="c">CNPIT</subfield>
         <subfield code="d">OCLCQ</subfield>
         <subfield code="d">CFT</subfield>
         <subfield code="d">NNU</subfield>
      </datafield>
      <datafield tag="050" ind1=" " ind2="4">
         <subfield code="a">DS744.2</subfield>
         <subfield code="b">.W36126 2013</subfield>
      </datafield>
      <datafield tag="066" ind1=" " ind2=" ">
         <subfield code="c">$1</subfield>
      </datafield>
      <datafield tag="100" ind1="1" ind2=" ">
         <subfield code="a">Wang, Tao</subfield>
         <subfield code="6">880-01</subfield>
         <subfield code="e">author.</subfield>
      </datafield>
      <datafield tag="245" ind1="1" ind2="0">
         <subfield code="6">880-02</subfield>
         <subfield code="a">Yan se yu ji si :</subfield>
         <subfield code="b">Zhongguo gu dai wen hua zhong yan se han yi tan you /</subfield>
         <subfield code="c">Wang Tao zhu ; Zhi Xiaona zhu.</subfield>
      </datafield>
      <datafield tag="246" ind1="3" ind2="0">
         <subfield code="6">880-03</subfield>
         <subfield code="a">Zhongguo gu dai wen hua zhong yan se han yi tan you</subfield>
      </datafield>
      <datafield tag="250" ind1=" " ind2=" ">
         <subfield code="6">880-04</subfield>
         <subfield code="a">Di 1 ban.</subfield>
      </datafield>
      <datafield tag="264" ind1=" " ind2="1">
         <subfield code="6">880-05</subfield>
         <subfield code="a">Shanghai :</subfield>
         <subfield code="b">Shanghai gu ji chu ban she,</subfield>
         <subfield code="c">2013.</subfield>
      </datafield>
      <datafield tag="300" ind1=" " ind2=" ">
         <subfield code="a">5, 2, 312 pages :</subfield>
         <subfield code="b">illustration ;</subfield>
         <subfield code="c">21 cm.</subfield>
      </datafield>
      <datafield tag="336" ind1=" " ind2=" ">
         <subfield code="a">text</subfield>
         <subfield code="b">txt</subfield>
         <subfield code="2">rdacontent</subfield>
      </datafield>
      <datafield tag="337" ind1=" " ind2=" ">
         <subfield code="a">unmediated</subfield>
         <subfield code="b">n</subfield>
         <subfield code="2">rdamedia</subfield>
      </datafield>
      <datafield tag="338" ind1=" " ind2=" ">
         <subfield code="a">volume</subfield>
         <subfield code="b">nc</subfield>
         <subfield code="2">rdacarrier</subfield>
      </datafield>
      <datafield tag="490" ind1="1" ind2=" ">
         <subfield code="6">880-06</subfield>
         <subfield code="a">Zao qi Zhongguo yan jiu cong shu</subfield>
      </datafield>
      <datafield tag="504" ind1=" " ind2=" ">
         <subfield code="a">Includes bibliographical references (pages [209]-233).</subfield>
      </datafield>
      <datafield tag="520" ind1=" " ind2=" ">
         <subfield code="6">880-07</subfield>
         <subfield code="a">Gai shu tan tao Yinxu chu tu de wan Shang jia gu ke ci zhong de yan se ci, you ci chong gou Shang dai qian zai de yan se fei lei xi tong ; fen xi yan se zai Shang dai ji si zhong de shi yong qing kuang, bing tan jiu ta men zai te ding wen hua ti xi zhong de han yi ; chan shi Shang dai yan se xiang zheng ti xi yu hou shi "Wu xing shuo" zhi jian de guan xi. Jian yu yan jiu dui xiang he yan jiu cai liao de fu za xing, gai shu cai yong le dui yuan yan jiu fa, bu jin xi shou le wen zi de yan jiu fang fa he cheng guo, er qie jie he le yu yan xue, ren lei xue he kao gu xue deng de yan jiu li lun he fang fa. Gai shu de yan jiu wei wo men li jie Zhongguo zao qi zhe xue he ke xue si xiang de que li ji fa zhan, ti gong le quan xin de shi jiao he yi ju, bing wei jing yi bu shen ru xi tong de yan jiu yan se zai Zhongguo wen hua de nei han dian ding le ji chu.</subfield>
      </datafield>
      <datafield tag="650" ind1=" " ind2="0">
         <subfield code="a">Colors</subfield>
         <subfield code="6">880-08</subfield>
         <subfield code="z">China</subfield>
         <subfield code="z">Anyang Shi</subfield>
         <subfield code="x">Religious aspects.</subfield>
      </datafield>
      <datafield tag="650" ind1=" " ind2="0">
         <subfield code="a">Oracle bones</subfield>
         <subfield code="6">880-09</subfield>
         <subfield code="z">China</subfield>
         <subfield code="z">Anyang Shi</subfield>
         <subfield code="x">Religious aspects.</subfield>
      </datafield>
      <datafield tag="650" ind1=" " ind2="0">
         <subfield code="a">Colors</subfield>
         <subfield code="x">Religious aspects</subfield>
         <subfield code="y">Shang dynasty, 1766-1122 B.C.</subfield>
      </datafield>
      <datafield tag="700" ind1="1" ind2=" ">
         <subfield code="6">880-10</subfield>
         <subfield code="a">Zhi, Xiaona,</subfield>
         <subfield code="e">translator.</subfield>
      </datafield>
      <datafield tag="880" ind1="1" ind2=" ">
         <subfield code="6">100-01/</subfield>
         <subfield code="a">汪濤,</subfield>
         <subfield code="e">author.</subfield>
      </datafield>
      <datafield tag="880" ind1="1" ind2="0">
         <subfield code="6">245-02/</subfield>
         <subfield code="a">颜色與祭祀 :</subfield>
         <subfield code="b">中國古代文化中颜色涵義探幽 /</subfield>
         <subfield code="c">汪濤著; 郅曉娜譯.</subfield>
      </datafield>
      <datafield tag="880" ind1="3" ind2="0">
         <subfield code="6">246-03/</subfield>
         <subfield code="a">中國古代文化中颜色涵義探幽</subfield>
      </datafield>
      <datafield tag="880" ind1=" " ind2=" ">
         <subfield code="6">250-04/</subfield>
         <subfield code="a">第1版.</subfield>
      </datafield>
      <datafield tag="880" ind1=" " ind2="1">
         <subfield code="6">264-05/</subfield>
         <subfield code="a">上海 :</subfield>
         <subfield code="b">上海古籍出版社,</subfield>
         <subfield code="c">2013.</subfield>
      </datafield>
      <datafield tag="880" ind1="1" ind2=" ">
         <subfield code="6">490-06/</subfield>
         <subfield code="a">早期中國研究叢書</subfield>
      </datafield>
      <datafield tag="880" ind1=" " ind2=" ">
         <subfield code="6">520-07/</subfield>
         <subfield code="a">該書探討殷墟出土的晚商甲古刻辭中的顏色詞, 由此重構商代潛在的顏色分類系統 ; 分析顏色在商代祭祀中的使用情況, 並探究它們在特定文化體系中的涵義; 闡釋商代顏色象徵體系與後世"五行說"之間的觀系. 鉴於研究對象和研究材料的複雜性,該書採用了多元研究法, 不僅吸收了文字的研究方法和成果,而且結合了語言學, 人類學和考古學等的研究理論和方法.該書的研究為我們理解中國早期哲學和科學思想的確立及發展,提供了全新的視角和依據,並為進一步深入系統地研究顏色在中國文化中的內涵奠定了基礎.</subfield>
      </datafield>
      <datafield tag="880" ind1=" " ind2="4">
         <subfield code="6">650-08/</subfield>
         <subfield code="a">Colors</subfield>
         <subfield code="z">China</subfield>
         <subfield code="z">安阳市</subfield>
         <subfield code="x">Religious aspects.</subfield>
      </datafield>
      <datafield tag="880" ind1=" " ind2="4">
         <subfield code="6">650-09/</subfield>
         <subfield code="a">Oracle bones</subfield>
         <subfield code="z">China</subfield>
         <subfield code="z">安阳市</subfield>
         <subfield code="x">Religious aspects.</subfield>
      </datafield>
      <datafield tag="880" ind1="1" ind2=" ">
         <subfield code="6">700-10/</subfield>
         <subfield code="a">郅曉娜,</subfield>
         <subfield code="e">translator.</subfield>
      </datafield>
      <datafield tag="830" ind1=" " ind2="0">
         <subfield code="a">Zao qi Zhongguo yan jiu cong shu</subfield>
         <subfield code="6">880-11</subfield>
      </datafield>
      <datafield tag="880" ind1=" " ind2="0">
         <subfield code="6">830-11/</subfield>
         <subfield code="a">早期中國研究叢書</subfield>
      </datafield>
      <datafield tag="994" ind1=" " ind2=" ">
         <subfield code="a">Z0</subfield>
         <subfield code="b">ZYU</subfield>
      </datafield>
      <datafield tag="OWN" ind1=" " ind2=" ">
         <subfield code="a">GENERAL</subfield>
      </datafield>
      <datafield tag="AVA" ind1=" " ind2=" ">
         <subfield code="a">NYU50</subfield>
         <subfield code="b">NISAW</subfield>
         <subfield code="c">Small Collection</subfield>
         <subfield code="d">DS744.2 .W36126 2013</subfield>
         <subfield code="e">available</subfield>
         <subfield code="t">Available</subfield>
         <subfield code="f">1</subfield>
         <subfield code="g">0</subfield>
         <subfield code="h">N</subfield>
         <subfield code="i">0</subfield>
         <subfield code="j">SMALL</subfield>
         <subfield code="k">0</subfield>
      </datafield>
      <marc:datafield tag="852" ind1=" " ind2=" ">
         <marc:subfield code="b">Institute for the Study of the Ancient World, </marc:subfield>
         <marc:subfield code="c">Small Collection</marc:subfield>
         <marc:subfield code="e">15 East 84th St., </marc:subfield>
         <marc:subfield code="e">New York, NY  10028</marc:subfield>
      </marc:datafield>
   </record>