
  
  
  
  
  
  
 
  
  <record xsi:schemaLocation="http://www.loc.gov/MARC21/slim http://www.loc.gov/standards/marcxml/schema/MARC21slim.xsd">
      <leader>00000cam a2200673 a 4500</leader>
      <controlfield tag="FMT">BK</controlfield>
      <controlfield tag="LDR">00000cam a2200673 a 4500</controlfield>
      <controlfield tag="001">003475420</controlfield>
      <controlfield tag="003">OCoLC</controlfield>
      <controlfield tag="005">20130107145243.0</controlfield>
      <controlfield tag="007">cr mn|||||||||</controlfield>
      <controlfield tag="008">110722s2008    iluab    bc   000 0 eng d</controlfield>
      <datafield tag="020" ind1=" " ind2=" ">
         <subfield code="a">1885923562</subfield>
      </datafield>
      <datafield tag="020" ind1=" " ind2=" ">
         <subfield code="a">9781885923561</subfield>
      </datafield>
      <datafield tag="035" ind1=" " ind2=" ">
         <subfield code="a">(OCoLC)224897577</subfield>
      </datafield>
      <datafield tag="040" ind1=" " ind2=" ">
         <subfield code="a">YDXCP</subfield>
         <subfield code="c">YDXCP</subfield>
         <subfield code="d">BTCTA</subfield>
         <subfield code="d">BAKER</subfield>
         <subfield code="d">ZVP</subfield>
         <subfield code="d">BWX</subfield>
         <subfield code="d">TOZ</subfield>
         <subfield code="d">UKM</subfield>
         <subfield code="d">WAU</subfield>
         <subfield code="d">DEBSZ</subfield>
         <subfield code="d">NNU</subfield>
      </datafield>
      <datafield tag="043" ind1=" " ind2=" ">
         <subfield code="a">a-iq---</subfield>
      </datafield>
      <datafield tag="050" ind1=" " ind2="4">
         <subfield code="a">DS79.767.C85</subfield>
         <subfield code="b">C38 2008</subfield>
      </datafield>
      <datafield tag="245" ind1="0" ind2="0">
         <subfield code="a">Catastrophe! :</subfield>
         <subfield code="b">the looting and destruction of Iraq's past /</subfield>
         <subfield code="c">edited by Geoff Emberling &amp; Katharyn Hanson ; with contributions by McGuire Gibson ... [et al.].</subfield>
      </datafield>
      <datafield tag="246" ind1="3" ind2="0">
         <subfield code="a">Looting and destruction of Iraq's past</subfield>
      </datafield>
      <datafield tag="260" ind1=" " ind2=" ">
         <subfield code="a">Chicago :</subfield>
         <subfield code="b">Oriental Institute Museum of the University of Chicago,</subfield>
         <subfield code="c">2008.</subfield>
      </datafield>
      <datafield tag="300" ind1=" " ind2=" ">
         <subfield code="a">87 p. :</subfield>
         <subfield code="b">ill. (chiefly col.), maps (chiefly col.) ;</subfield>
         <subfield code="c">30 cm.</subfield>
      </datafield>
      <datafield tag="490" ind1="1" ind2=" ">
         <subfield code="a">Oriental Institute Museum publications ;</subfield>
         <subfield code="v">no. 28</subfield>
      </datafield>
      <datafield tag="500" ind1=" " ind2=" ">
         <subfield code="a">Published in conjunction with an exhibition at the Oriental Institute Museum.</subfield>
      </datafield>
      <datafield tag="504" ind1=" " ind2=" ">
         <subfield code="a">Includes bibliographical references.</subfield>
      </datafield>
      <datafield tag="530" ind1=" " ind2=" ">
         <subfield code="a">Also issued via the World Wide Web.</subfield>
      </datafield>
      <datafield tag="505" ind1="0" ind2="0">
         <subfield code="t">Looting of the Iraq Museum in context /</subfield>
         <subfield code="r">Gibson, McGuire --</subfield>
         <subfield code="t">Looting of the Iraq Museum complex /</subfield>
         <subfield code="r">George, Donny ;</subfield>
         <subfield code="r">Gibson, McGuire --</subfield>
         <subfield code="t">Efforts to protect archaeological sites and monuments in Iraq, 2003-2004 /</subfield>
         <subfield code="r">Russell, John M. --</subfield>
         <subfield code="t">Why does archaeological context matter? /</subfield>
         <subfield code="r">Hanson, Katharyn --</subfield>
         <subfield code="t">Cataloging the losses : the Oriental Institute's Iraq Museum database project /</subfield>
         <subfield code="r">Reichel, Clemens --</subfield>
         <subfield code="t">Archaeological site looting : the destruction of cultural heritage in southern Iraq /</subfield>
         <subfield code="r">Stone, Elizabeth C. --</subfield>
         <subfield code="t">Legal aspects of controlling the international market in looted antiquities : the paradigm of Iraq /</subfield>
         <subfield code="r">Gerstenblith, Patty.</subfield>
      </datafield>
      <datafield tag="610" ind1="2" ind2="0">
         <subfield code="a">Matḥaf al-ʻIrāqī.</subfield>
      </datafield>
      <datafield tag="650" ind1=" " ind2="0">
         <subfield code="a">Iraq War, 2003-2011</subfield>
         <subfield code="x">Destruction and pillage</subfield>
         <subfield code="v">Exhibitions.</subfield>
      </datafield>
      <datafield tag="650" ind1=" " ind2="0">
         <subfield code="a">Archaeological thefts</subfield>
         <subfield code="z">Iraq</subfield>
         <subfield code="v">Exhibitions.</subfield>
      </datafield>
      <datafield tag="650" ind1=" " ind2="0">
         <subfield code="a">Cultural property</subfield>
         <subfield code="x">Protection</subfield>
         <subfield code="z">Iraq</subfield>
         <subfield code="v">Exhibitions.</subfield>
      </datafield>
      <datafield tag="651" ind1=" " ind2="0">
         <subfield code="a">Iraq</subfield>
         <subfield code="x">Antiquities</subfield>
         <subfield code="v">Exhibitions.</subfield>
      </datafield>
      <datafield tag="700" ind1="1" ind2=" ">
         <subfield code="a">Emberling, Geoff.</subfield>
      </datafield>
      <datafield tag="700" ind1="1" ind2=" ">
         <subfield code="a">Hanson, Katharyn.</subfield>
      </datafield>
      <datafield tag="700" ind1="1" ind2=" ">
         <subfield code="a">Gibson, McGuire.</subfield>
      </datafield>
      <datafield tag="710" ind1="2" ind2=" ">
         <subfield code="a">University of Chicago.</subfield>
         <subfield code="b">Oriental Institute.</subfield>
         <subfield code="b">Museum.</subfield>
      </datafield>
      <datafield tag="776" ind1="0" ind2=" ">
         <subfield code="i">Print version:</subfield>
         <subfield code="t">Catastrophe!</subfield>
         <subfield code="w">(BSN) 003697330</subfield>
      </datafield>
      <datafield tag="830" ind1=" " ind2="0">
         <subfield code="a">Oriental Institute Museum publications ;</subfield>
         <subfield code="v">no. 28.</subfield>
      </datafield>
      <datafield tag="994" ind1=" " ind2=" ">
         <subfield code="a">Z0</subfield>
         <subfield code="b">ZYU</subfield>
      </datafield>
      <datafield tag="OWN" ind1=" " ind2=" ">
         <subfield code="a">GENERAL</subfield>
      </datafield>
      <datafield tag="936" ind1=" " ind2=" ">
         <subfield code="a">PR 474524612</subfield>
      </datafield>
      <datafield tag="AVA" ind1=" " ind2=" ">
         <subfield code="a">NYU50</subfield>
         <subfield code="b">NISAW</subfield>
         <subfield code="c">Oversize Collection</subfield>
         <subfield code="d">DS79.767.C85 C38 2008</subfield>
         <subfield code="e">available</subfield>
         <subfield code="t">Available</subfield>
         <subfield code="f">1</subfield>
         <subfield code="g">0</subfield>
         <subfield code="h">N</subfield>
         <subfield code="i">0</subfield>
         <subfield code="j">OVERZ</subfield>
         <subfield code="k">0</subfield>
      </datafield>
      <marc:datafield tag="852" ind1=" " ind2=" ">
         <marc:subfield code="b">Institute for the Study of the Ancient World, </marc:subfield>
         <marc:subfield code="c">Oversize Collection</marc:subfield>
         <marc:subfield code="e">15 East 84th St., </marc:subfield>
         <marc:subfield code="e">New York, NY  10028</marc:subfield>
      </marc:datafield>
      <datafield tag="AVA" ind1=" " ind2=" ">
         <subfield code="a">NYU50</subfield>
         <subfield code="b">WEB</subfield>
         <subfield code="c">Internet Resources</subfield>
         <subfield code="d">Electronic resource</subfield>
         <subfield code="e">check_holdings</subfield>
         <subfield code="t">Check Holdings</subfield>
         <subfield code="j">GENI</subfield>
      </datafield>
   </record>