
  
  
  
  
  
  
 
  
  <record xsi:schemaLocation="http://www.loc.gov/MARC21/slim http://www.loc.gov/standards/marcxml/schema/MARC21slim.xsd">
      <leader>00000cam a2200433 i 4500</leader>
      <controlfield tag="FMT">BK</controlfield>
      <controlfield tag="LDR">00000cam a2200433 i 4500</controlfield>
      <controlfield tag="001">004002733</controlfield>
      <controlfield tag="003">OCoLC</controlfield>
      <controlfield tag="005">20140617151031.0</controlfield>
      <controlfield tag="008">140617t20142014iluab    b    010 0 eng d</controlfield>
      <datafield tag="020" ind1=" " ind2=" ">
         <subfield code="a">9781614910015</subfield>
      </datafield>
      <datafield tag="020" ind1=" " ind2=" ">
         <subfield code="a">1614910014</subfield>
      </datafield>
      <datafield tag="035" ind1=" " ind2=" ">
         <subfield code="a">(OCoLC)876679735</subfield>
      </datafield>
      <datafield tag="040" ind1=" " ind2=" ">
         <subfield code="a">BTCTA</subfield>
         <subfield code="b">eng</subfield>
         <subfield code="e">rda</subfield>
         <subfield code="c">BTCTA</subfield>
         <subfield code="d">EYM</subfield>
         <subfield code="d">OCLCO</subfield>
         <subfield code="d">HLS</subfield>
         <subfield code="d">CUV</subfield>
         <subfield code="d">NNU</subfield>
      </datafield>
      <datafield tag="041" ind1="0" ind2=" ">
         <subfield code="a">eng</subfield>
         <subfield code="a">fre</subfield>
         <subfield code="a">ger</subfield>
      </datafield>
      <datafield tag="043" ind1=" " ind2=" ">
         <subfield code="a">a-iq---</subfield>
         <subfield code="a">a-ir---</subfield>
         <subfield code="a">aw-----</subfield>
      </datafield>
      <datafield tag="050" ind1=" " ind2="4">
         <subfield code="a">DS275</subfield>
         <subfield code="b">.E98 2014</subfield>
      </datafield>
      <datafield tag="245" ind1="0" ind2="0">
         <subfield code="a">Extraction &amp; control :</subfield>
         <subfield code="b">studies in honor of Matthew W. Stolper /</subfield>
         <subfield code="c">edited by Michael Kozuh, Wouter F.M. Henkelman, Charles E. Jones, and Christopher Woods.</subfield>
      </datafield>
      <datafield tag="246" ind1="3" ind2=" ">
         <subfield code="a">Extraction and control :</subfield>
         <subfield code="b">studies in honor of Matthew W. Stolper</subfield>
      </datafield>
      <datafield tag="264" ind1=" " ind2="1">
         <subfield code="a">Chicago :</subfield>
         <subfield code="b">Oriental Institute of the University of Chicago,</subfield>
         <subfield code="c">2014.</subfield>
      </datafield>
      <datafield tag="264" ind1=" " ind2="4">
         <subfield code="c">©2014</subfield>
      </datafield>
      <datafield tag="300" ind1=" " ind2=" ">
         <subfield code="a">xvi, 352 pages :</subfield>
         <subfield code="b">illustrations, maps ;</subfield>
         <subfield code="c">30 cm.</subfield>
      </datafield>
      <datafield tag="336" ind1=" " ind2=" ">
         <subfield code="a">text</subfield>
         <subfield code="b">txt</subfield>
         <subfield code="2">rdacontent</subfield>
      </datafield>
      <datafield tag="337" ind1=" " ind2=" ">
         <subfield code="a">unmediated</subfield>
         <subfield code="b">n</subfield>
         <subfield code="2">rdamedia</subfield>
      </datafield>
      <datafield tag="338" ind1=" " ind2=" ">
         <subfield code="a">volume</subfield>
         <subfield code="b">nc</subfield>
         <subfield code="2">rdacarrier</subfield>
      </datafield>
      <datafield tag="490" ind1="1" ind2=" ">
         <subfield code="a">Studies in ancient oriental civilization ;</subfield>
         <subfield code="v">number 68</subfield>
      </datafield>
      <datafield tag="546" ind1=" " ind2=" ">
         <subfield code="a">Contributions chiefly in English, with two in French and one in German.</subfield>
      </datafield>
      <datafield tag="500" ind1=" " ind2=" ">
         <subfield code="a">"Funded by the generosity of the Yelda family."</subfield>
      </datafield>
      <datafield tag="504" ind1=" " ind2=" ">
         <subfield code="a">Includes bibliographical references.</subfield>
      </datafield>
      <datafield tag="504" ind1=" " ind2=" ">
         <subfield code="a">"Bibliography of publications of Matthew W. Stolper" / compiled by Charles E. Jones: pages x-xvi.</subfield>
      </datafield>
      <datafield tag="505" ind1="0" ind2="0">
         <subfield code="t">Matthew W. Stolper /</subfield>
         <subfield code="r">Christopher Woods, Wouter F.M. Henkelman, Charles E. Jones, Michael Kozuh --</subfield>
         <subfield code="t">Persepolis Fortification Aramaic tablet seal 0002 and the keeping of horses /</subfield>
         <subfield code="r">Annalisa Azzoni, Elspeth R.M. Dusinberre --</subfield>
         <subfield code="t">Episode in the reign of the Babylonian pretender Nebuchadnezzar IV /</subfield>
         <subfield code="r">Paul-Alain Beaulieu --</subfield>
         <subfield code="t">Achaemenid estate(s) near Pasargadae? /</subfield>
         <subfield code="r">Rémy Boucharlat --</subfield>
         <subfield code="t">Tablettes du bois du Grand roi (note sur les communications officielles dans un royaume itinérant) /</subfield>
         <subfield code="r">Pierre Briant --</subfield>
         <subfield code="t">Royal women in Elamite art /</subfield>
         <subfield code="r">Elizabeth Carter --</subfield>
         <subfield code="t">Iddin-Nabû sēpir ša gardu /</subfield>
         <subfield code="r">Walter Farber --</subfield>
         <subfield code="t">Royal-name seals of Darius I /</subfield>
         <subfield code="r">Mark B. Garrison --</subfield>
         <subfield code="t">De vie à trépas /</subfield>
         <subfield code="r">Françoise Grillot-Susini --</subfield>
         <subfield code="t">Estates of Šamaš on the Ḫābūr /</subfield>
         <subfield code="r">Michael Jursa, Klaus Wagensonner --</subfield>
         <subfield code="t">Elamite and Akkadian inscribed bricks from Bard-e Karegar (Khuzistan, Iran) /</subfield>
         <subfield code="r">Michael Kozuh --</subfield>
         <subfield code="t">Reassessing the reign of Xerxes in the light of new evidence /</subfield>
         <subfield code="r">Amélie Kuhrt --</subfield>
         <subfield code="t">Cultural exchange at Kültepe /</subfield>
         <subfield code="r">Mogens Trolle Larsen, Agnete Wisti Lassen --</subfield>
         <subfield code="t">Curricular context of an Akkadian prayer from Old Babylonian Ur (UET 6 402) /</subfield>
         <subfield code="r">Jacob Lauinger --</subfield>
         <subfield code="t">Myth, history, cosmology, and hydraulics in Achaemenid Iran /</subfield>
         <subfield code="r">Bruce Lincoln --</subfield>
         <subfield code="t">Biography of a sentence : Assurbanipal, Nabonidus, and Cyrus /</subfield>
         <subfield code="r">Piotr Michalowski --</subfield>
         <subfield code="t">Periodicities and period relations in Babylonian celestial sciences /</subfield>
         <subfield code="r">Francesca Rochberg --</subfield>
         <subfield code="t">On persons in the Old Babylonian law collections : the case of mār awīlim in bodily injury provisions /</subfield>
         <subfield code="r">Martha T. Roth --</subfield>
         <subfield code="t">Gilgamesh and the ius primae noctis /</subfield>
         <subfield code="r">Gonzalo Rubio --</subfield>
         <subfield code="t">Cyrus the Great, exiles, and foreign gods : a comparison of Assyrian and Persian policies on subject nations /</subfield>
         <subfield code="r">R.J. van der Spek --</subfield>
         <subfield code="t">Persians on the Euphrates? : material culture and identity in two Achaemenid burials from Hacınebi, southeast Turkey /</subfield>
         <subfield code="r">Gil J. Stein --</subfield>
         <subfield code="t">On the dynasty of Šimaški : twenty years (or so) after /</subfield>
         <subfield code="r">Piotr Steinkeller --</subfield>
      </datafield>
      <datafield tag="505" ind1="0" ind2="0">
         <subfield code="t">Some thoughts on the ustarbaru /</subfield>
         <subfield code="r">Jan Tavernier --</subfield>
         <subfield code="t">Statue of Darius in the temple of Sippar /</subfield>
         <subfield code="r">Caroline Waerzeggers --</subfield>
         <subfield code="t">Earth, water, and friendship with the king : Argos and Persia in the mid-fifth century /</subfield>
         <subfield code="r">Matthew W. Waters --</subfield>
         <subfield code="t">Freedom and dependency : Neo-Babylonian manumission documents with oblation and service obligation /</subfield>
         <subfield code="r">Cornelia Wunsch, F. Rachel Magdalene --</subfield>
         <subfield code="t">From Lower Land to Cappadocia /</subfield>
         <subfield code="r">Ilya Yakubovich.</subfield>
      </datafield>
      <datafield tag="600" ind1="1" ind2="0">
         <subfield code="a">Stolper, Matthew W.</subfield>
      </datafield>
      <datafield tag="651" ind1=" " ind2="0">
         <subfield code="a">Iran</subfield>
         <subfield code="x">History</subfield>
         <subfield code="y">To 640.</subfield>
      </datafield>
      <datafield tag="651" ind1=" " ind2="0">
         <subfield code="a">Iran</subfield>
         <subfield code="x">Antiquities.</subfield>
      </datafield>
      <datafield tag="651" ind1=" " ind2="0">
         <subfield code="a">Iraq</subfield>
         <subfield code="x">History</subfield>
         <subfield code="y">To 634.</subfield>
      </datafield>
      <datafield tag="651" ind1=" " ind2="0">
         <subfield code="a">Iraq</subfield>
         <subfield code="x">Antiquities.</subfield>
      </datafield>
      <datafield tag="650" ind1=" " ind2="0">
         <subfield code="a">Middle East</subfield>
         <subfield code="x">History</subfield>
         <subfield code="y">To 622.</subfield>
      </datafield>
      <datafield tag="650" ind1=" " ind2="0">
         <subfield code="a">Middle East</subfield>
         <subfield code="x">Antiquities.</subfield>
      </datafield>
      <datafield tag="700" ind1="1" ind2=" ">
         <subfield code="a">Stolper, Matthew W.</subfield>
         <subfield code="e">honoree.</subfield>
      </datafield>
      <datafield tag="700" ind1="1" ind2=" ">
         <subfield code="a">Kozuh, Michael,</subfield>
         <subfield code="e">editor of compilation.</subfield>
      </datafield>
      <datafield tag="700" ind1="1" ind2=" ">
         <subfield code="a">Henkelman, Wouter</subfield>
         <subfield code="e">editor of compilation.</subfield>
      </datafield>
      <datafield tag="700" ind1="1" ind2=" ">
         <subfield code="a">Jones, Charles E.</subfield>
         <subfield code="q">(Charles Ellwood),</subfield>
         <subfield code="d">1955-</subfield>
         <subfield code="e">editor of compilation.</subfield>
      </datafield>
      <datafield tag="700" ind1="1" ind2=" ">
         <subfield code="a">Woods, Christopher,</subfield>
         <subfield code="d">1968-</subfield>
         <subfield code="e">editor of compilation.</subfield>
      </datafield>
      <datafield tag="830" ind1=" " ind2="0">
         <subfield code="a">Studies in ancient oriental civilization ;</subfield>
         <subfield code="v">no. 68.</subfield>
      </datafield>
      <datafield tag="994" ind1=" " ind2=" ">
         <subfield code="a">Z0</subfield>
         <subfield code="b">ZYU</subfield>
      </datafield>
      <datafield tag="OWN" ind1=" " ind2=" ">
         <subfield code="a">GENERAL</subfield>
      </datafield>
      <datafield tag="980" ind1=" " ind2=" ">
         <subfield code="g">1</subfield>
         <subfield code="a">20140807</subfield>
         <subfield code="f">99959464843</subfield>
         <subfield code="b">00.01</subfield>
      </datafield>
      <datafield tag="981" ind1=" " ind2=" ">
         <subfield code="b">BBXANT-2013</subfield>
         <subfield code="c">BMAIN</subfield>
         <subfield code="d">NOTE: DUP:004002733 S:TJ</subfield>
      </datafield>
      <datafield tag="982" ind1=" " ind2=" ">
         <subfield code="v">99959464843</subfield>
         <subfield code="b">203006</subfield>
         <subfield code="e">TJ</subfield>
      </datafield>
      <datafield tag="984" ind1=" " ind2=" ">
         <subfield code="a">20140807</subfield>
         <subfield code="b">141928</subfield>
         <subfield code="c">YBP</subfield>
      </datafield>
      <datafield tag="985" ind1=" " ind2=" ">
         <subfield code="d">004002733</subfield>
      </datafield>
      <datafield tag="986" ind1=" " ind2=" ">
         <subfield code="a">10940847</subfield>
      </datafield>
      <datafield tag="049" ind1=" " ind2=" ">
         <subfield code="a">BMAIN</subfield>
      </datafield>
      <datafield tag="936" ind1=" " ind2=" ">
         <subfield code="a">PR 881424638</subfield>
      </datafield>
      <datafield tag="AVA" ind1=" " ind2=" ">
         <subfield code="a">NYU50</subfield>
         <subfield code="b">BOBST</subfield>
         <subfield code="c">Main Collection</subfield>
         <subfield code="e">unavailable</subfield>
         <subfield code="t">Unavailable</subfield>
         <subfield code="f">1</subfield>
         <subfield code="g">1</subfield>
         <subfield code="h">N</subfield>
         <subfield code="i">0</subfield>
         <subfield code="j">MAIN</subfield>
         <subfield code="k">0</subfield>
      </datafield>
      <datafield tag="AVA" ind1=" " ind2=" ">
         <subfield code="a">NYU50</subfield>
         <subfield code="b">NISAW</subfield>
         <subfield code="c">Oversize Collection</subfield>
         <subfield code="d">DS275 .E98 2014</subfield>
         <subfield code="e">available</subfield>
         <subfield code="t">Available</subfield>
         <subfield code="f">1</subfield>
         <subfield code="g">0</subfield>
         <subfield code="h">N</subfield>
         <subfield code="i">0</subfield>
         <subfield code="j">OVERZ</subfield>
         <subfield code="k">0</subfield>
      </datafield>
      <marc:datafield tag="852" ind1=" " ind2=" ">
         <marc:subfield code="b">Institute for the Study of the Ancient World, </marc:subfield>
         <marc:subfield code="c">Oversize Collection</marc:subfield>
         <marc:subfield code="e">15 East 84th St., </marc:subfield>
         <marc:subfield code="e">New York, NY  10028</marc:subfield>
      </marc:datafield>
   </record>