
  
  
  
  
  
  
 
  
  <record xsi:schemaLocation="http://www.loc.gov/MARC21/slim http://www.loc.gov/standards/marcxml/schema/MARC21slim.xsd">
      <leader>00000cam a2200181 a 4500</leader>
      <controlfield tag="FMT">BK</controlfield>
      <controlfield tag="LDR">00000cam a2200181 a 4500</controlfield>
      <controlfield tag="001">003998868</controlfield>
      <controlfield tag="003">OCoLC</controlfield>
      <controlfield tag="005">20140617114604.0</controlfield>
      <controlfield tag="008">140606s2014    riuabe   b    001 0 eng d</controlfield>
      <datafield tag="020" ind1=" " ind2=" ">
         <subfield code="a">0991373014</subfield>
      </datafield>
      <datafield tag="020" ind1=" " ind2=" ">
         <subfield code="a">9780991373017</subfield>
      </datafield>
      <datafield tag="035" ind1=" " ind2=" ">
         <subfield code="a">(OCoLC)880966703</subfield>
      </datafield>
      <datafield tag="040" ind1=" " ind2=" ">
         <subfield code="a">YDXCP</subfield>
         <subfield code="b">eng</subfield>
         <subfield code="c">YDXCP</subfield>
         <subfield code="d">NNU</subfield>
      </datafield>
      <datafield tag="043" ind1=" " ind2=" ">
         <subfield code="a">e-it---</subfield>
      </datafield>
      <datafield tag="050" ind1=" " ind2="4">
         <subfield code="a">DG81</subfield>
         <subfield code="b">.P37 2014</subfield>
      </datafield>
      <datafield tag="245" ind1="0" ind2="0">
         <subfield code="a">Papers on Italian urbanism in the first millennium B.C. /</subfield>
         <subfield code="c">edited by Elizabeth C. Robinson ; with contributions by P.A.J. Attema ... [et al.].</subfield>
      </datafield>
      <datafield tag="246" ind1="3" ind2="0">
         <subfield code="a">Italian urbanism in the first millennium B.C.</subfield>
      </datafield>
      <datafield tag="260" ind1=" " ind2=" ">
         <subfield code="a">Portsmouth, R.I. :</subfield>
         <subfield code="b">Journal of Roman Archaeology,</subfield>
         <subfield code="c">2014.</subfield>
      </datafield>
      <datafield tag="300" ind1=" " ind2=" ">
         <subfield code="a">242 p. :</subfield>
         <subfield code="b">ill., maps, plans ;</subfield>
         <subfield code="c">27 cm.</subfield>
      </datafield>
      <datafield tag="490" ind1="1" ind2=" ">
         <subfield code="a">JRA Supplementary series,</subfield>
         <subfield code="x">1063-4304 ;</subfield>
         <subfield code="v">no. 97</subfield>
      </datafield>
      <datafield tag="504" ind1=" " ind2=" ">
         <subfield code="a">Includes bibliographical references and indexes.</subfield>
      </datafield>
      <datafield tag="505" ind1="0" ind2="0">
         <subfield code="t">Introduction /</subfield>
         <subfield code="r">Elizabeth C. Robinson --</subfield>
         <subfield code="t">Aspects of urbanism and political ideology in Archaic Rome /</subfield>
         <subfield code="r">Gabriele Cifani --</subfield>
         <subfield code="t">Creation of the Forum and the making of monumental Rome /</subfield>
         <subfield code="r">John North Hopkins --</subfield>
         <subfield code="t">Processes of urban development in northern and central Etruria in the Orientalizing and Archaic periods /</subfield>
         <subfield code="r">Phil Perkins --</subfield>
         <subfield code="t">Etruscan urbanism at Bologna, Marzabotto, and in the Po valley /</subfield>
         <subfield code="r">Elisabetta Govi --</subfield>
         <subfield code="t">Reconstructing a golden age in temple construction : temples and roofs from the last Tarquin to the Roman Republic (c. 530-480 B.C.) in Rome, Etruria, and Latium /</subfield>
         <subfield code="r">Patricia S. Lulof --</subfield>
         <subfield code="t">Constructing urban landscapes in Latium Vetus in the Archaic period /</subfield>
         <subfield code="r">Elisabeth van't Lindenhout --</subfield>
         <subfield code="t">From Latin planned urbanism to Roman colonial layouts : the town-planning of Gabii and its cultural implications /</subfield>
         <subfield code="r">Marcello Mogetta --</subfield>
         <subfield code="t">Early urbanization at Crustumerium (9th-5th c. B.C.) /</subfield>
         <subfield code="r">P.A.J. Attema, F. di Gennaro, J.F. Seubers, B. Belelli Marchesini, B. Ullrich --</subfield>
         <subfield code="t">Non-Greek urbanism in Southern Italy in the 4th and 3rd c. B.C. /</subfield>
         <subfield code="r">Elizabeth C. Robinson --</subfield>
         <subfield code="t">Indigenous perspective on urbanization in Archaic and Classical Sicily /</subfield>
         <subfield code="r">Spencer Pope --</subfield>
         <subfield code="t">Whither early Roman urbanization studies? /</subfield>
         <subfield code="r">Peter A.J. Attema.</subfield>
      </datafield>
      <datafield tag="650" ind1=" " ind2="0">
         <subfield code="a">Urbanization</subfield>
         <subfield code="z">Italy</subfield>
         <subfield code="x">History.</subfield>
      </datafield>
      <datafield tag="650" ind1=" " ind2="0">
         <subfield code="a">Urbanization</subfield>
         <subfield code="x">Political aspects</subfield>
         <subfield code="z">Italy</subfield>
         <subfield code="x">History.</subfield>
      </datafield>
      <datafield tag="650" ind1=" " ind2="0">
         <subfield code="a">Urban landscape architecture</subfield>
         <subfield code="z">Italy</subfield>
         <subfield code="x">History.</subfield>
      </datafield>
      <datafield tag="650" ind1=" " ind2="0">
         <subfield code="a">Urban archaeology</subfield>
         <subfield code="z">Italy.</subfield>
      </datafield>
      <datafield tag="651" ind1=" " ind2="0">
         <subfield code="a">Italy</subfield>
         <subfield code="x">History</subfield>
         <subfield code="y">To 476.</subfield>
      </datafield>
      <datafield tag="651" ind1=" " ind2="0">
         <subfield code="a">Italy</subfield>
         <subfield code="x">Antiquities.</subfield>
      </datafield>
      <datafield tag="700" ind1="1" ind2=" ">
         <subfield code="a">Robinson, Elizabeth C.,</subfield>
         <subfield code="e">ed.</subfield>
      </datafield>
      <datafield tag="830" ind1=" " ind2="0">
         <subfield code="a">Journal of Roman archaeology.</subfield>
         <subfield code="p">Supplementary series ;</subfield>
         <subfield code="v">no. 97.</subfield>
      </datafield>
      <datafield tag="994" ind1=" " ind2=" ">
         <subfield code="a">Z0</subfield>
         <subfield code="b">ZYU</subfield>
      </datafield>
      <datafield tag="OWN" ind1=" " ind2=" ">
         <subfield code="a">GENERAL</subfield>
      </datafield>
      <datafield tag="AVA" ind1=" " ind2=" ">
         <subfield code="a">NYU50</subfield>
         <subfield code="b">NIFA</subfield>
         <subfield code="c">Main Collection</subfield>
         <subfield code="d">DG81 .P37 2014 Non-circulating</subfield>
         <subfield code="e">available</subfield>
         <subfield code="t">Available</subfield>
         <subfield code="f">1</subfield>
         <subfield code="g">0</subfield>
         <subfield code="h">N</subfield>
         <subfield code="i">0</subfield>
         <subfield code="j">MAIN</subfield>
         <subfield code="k">0</subfield>
      </datafield>
      <datafield tag="AVA" ind1=" " ind2=" ">
         <subfield code="a">NYU50</subfield>
         <subfield code="b">NISAW</subfield>
         <subfield code="c">Small Collection</subfield>
         <subfield code="d">DG81 .P37 2014</subfield>
         <subfield code="e">available</subfield>
         <subfield code="t">Available</subfield>
         <subfield code="f">1</subfield>
         <subfield code="g">0</subfield>
         <subfield code="h">N</subfield>
         <subfield code="i">0</subfield>
         <subfield code="j">SMALL</subfield>
         <subfield code="k">0</subfield>
      </datafield>
      <marc:datafield tag="852" ind1=" " ind2=" ">
         <marc:subfield code="b">Institute for the Study of the Ancient World, </marc:subfield>
         <marc:subfield code="c">Small Collection</marc:subfield>
         <marc:subfield code="e">15 East 84th St., </marc:subfield>
         <marc:subfield code="e">New York, NY  10028</marc:subfield>
      </marc:datafield>
   </record>