
  
  
  
  
  
 
  
  <record xsi:schemaLocation="http://www.loc.gov/MARC21/slim http://www.loc.gov/standards/marcxml/schema/MARC21slim.xsd">
      <leader>00000cam  2200613 a 4500</leader>
      <controlfield tag="FMT">BK</controlfield>
      <controlfield tag="LDR">00000cam  2200613 a 4500</controlfield>
      <controlfield tag="001">004003619</controlfield>
      <controlfield tag="003">OCoLC</controlfield>
      <controlfield tag="005">20140619093407.0</controlfield>
      <controlfield tag="008">140619s2011    cc a     b    000 0 chi d</controlfield>
      <datafield tag="010" ind1=" " ind2=" ">
         <subfield code="a">2012385549</subfield>
      </datafield>
      <datafield tag="020" ind1=" " ind2=" ">
         <subfield code="a">9787030319753</subfield>
      </datafield>
      <datafield tag="020" ind1=" " ind2=" ">
         <subfield code="a">7030319753</subfield>
      </datafield>
      <datafield tag="035" ind1=" " ind2=" ">
         <subfield code="a">(OCoLC)761847125</subfield>
      </datafield>
      <datafield tag="040" ind1=" " ind2=" ">
         <subfield code="a">CNPIT</subfield>
         <subfield code="b">eng</subfield>
         <subfield code="c">CNPIT</subfield>
         <subfield code="d">DLC</subfield>
         <subfield code="d">HNK</subfield>
         <subfield code="d">EYM</subfield>
         <subfield code="d">HMY</subfield>
         <subfield code="d">OCLCO</subfield>
         <subfield code="d">IUL</subfield>
         <subfield code="d">OCLCA</subfield>
         <subfield code="d">TEF</subfield>
         <subfield code="d">OCLCA</subfield>
         <subfield code="d">NNU</subfield>
      </datafield>
      <datafield tag="042" ind1=" " ind2=" ">
         <subfield code="a">lccopycat</subfield>
      </datafield>
      <datafield tag="043" ind1=" " ind2=" ">
         <subfield code="a">a-cc---</subfield>
      </datafield>
      <datafield tag="050" ind1="0" ind2="0">
         <subfield code="a">B127.C65</subfield>
         <subfield code="b">X55 2011</subfield>
      </datafield>
      <datafield tag="066" ind1=" " ind2=" ">
         <subfield code="c">$1</subfield>
      </datafield>
      <datafield tag="100" ind1="1" ind2=" ">
         <subfield code="6">880-01</subfield>
         <subfield code="a">Xie, Yaoting,</subfield>
         <subfield code="d">1980-</subfield>
      </datafield>
      <datafield tag="245" ind1="1" ind2="0">
         <subfield code="6">880-02</subfield>
         <subfield code="a">Cong chu tu jian bo kan Si Meng xue pai de nei sheng wai wang si xiang /</subfield>
         <subfield code="c">Xie Yaoting zhu.</subfield>
      </datafield>
      <datafield tag="250" ind1=" " ind2=" ">
         <subfield code="6">880-03</subfield>
         <subfield code="a">Di 1 ban.</subfield>
      </datafield>
      <datafield tag="260" ind1=" " ind2=" ">
         <subfield code="6">880-04</subfield>
         <subfield code="a">Beijing :</subfield>
         <subfield code="b">Ke xue chu ban she,</subfield>
         <subfield code="c">2011.</subfield>
      </datafield>
      <datafield tag="300" ind1=" " ind2=" ">
         <subfield code="a">iv, 193 p. :</subfield>
         <subfield code="b">ill. ;</subfield>
         <subfield code="c">27 cm.</subfield>
      </datafield>
      <datafield tag="500" ind1=" " ind2=" ">
         <subfield code="6">880-05</subfield>
         <subfield code="a">"Jiao yu bu zhe xue she hui ke xue yan jiu zhong da ke ti gong guan xiang mu 'Zhongguo zao qi wen zi yu wen hua yan jiu' cheng guo zhi yi."</subfield>
      </datafield>
      <datafield tag="504" ind1=" " ind2=" ">
         <subfield code="a">Includes bibliographical references.</subfield>
      </datafield>
      <datafield tag="520" ind1=" " ind2=" ">
         <subfield code="6">880-06</subfield>
         <subfield code="a">Ben shu yi xin chu tu de Guodian chu jian, Shanghai bo wu guan cang Zhan guo Chu jian wei qie ru dian, jie he Ma wang dui Han mu bo shu ji chuan shi ru jia wen xian, dui Si Meng xue pai de nei sheng wai wang si xiang ti xi jin xing zong he yan jiu.ben shu zai jie ding si meng xue pai, que ding yan jiu zi liao de ji chu shang, cong "nei sheng" yu "wai wang" liang ge fang mian dui Si Meng xue pai de si xiang ti xi jin xing shu li, jin er dui er zhe zhi jian de guan xi jin xing tan tao, cong er jie shi chu Si Meng xue pai zai xian qin shi qi zuo wei yi ge xue pai de ben lai li shi mian mao ji zuo wei yi zhong si xiang xue shuo de zheng ti xue shu feng mao. Zui hou, ben shu tan tao le Si Meng xue pai dui hou shi de ying xiang ji qi xue shuo zai dang dai de jia zhi --</subfield>
         <subfield code="c">From t.p. verso.</subfield>
      </datafield>
      <datafield tag="500" ind1=" " ind2=" ">
         <subfield code="6">880-07</subfield>
         <subfield code="a">Based on the author's doctoral thesis.</subfield>
      </datafield>
      <datafield tag="600" ind1="0" ind2="0">
         <subfield code="6">880-08</subfield>
         <subfield code="a">Zisi,</subfield>
         <subfield code="d">483 B.C.-402 B.C.</subfield>
      </datafield>
      <datafield tag="600" ind1="0" ind2="0">
         <subfield code="a">Mencius</subfield>
         <subfield code="6">880-09</subfield>
      </datafield>
      <datafield tag="650" ind1=" " ind2="0">
         <subfield code="a">Philosophy, Confucian.</subfield>
      </datafield>
      <datafield tag="650" ind1=" " ind2="0">
         <subfield code="a">Manuscripts, Chinese</subfield>
         <subfield code="6">880-10</subfield>
         <subfield code="z">China</subfield>
         <subfield code="z">Jingmen (Hubei).</subfield>
      </datafield>
      <datafield tag="880" ind1="1" ind2=" ">
         <subfield code="6">100-01/</subfield>
         <subfield code="a">谢耀亭,</subfield>
         <subfield code="d">1980-</subfield>
      </datafield>
      <datafield tag="880" ind1="1" ind2="0">
         <subfield code="6">245-02/</subfield>
         <subfield code="a">从出土简帛看思孟学派的内圣外王思想 /</subfield>
         <subfield code="c">谢耀亭著.</subfield>
      </datafield>
      <datafield tag="880" ind1=" " ind2=" ">
         <subfield code="6">250-03/</subfield>
         <subfield code="a">第1版.</subfield>
      </datafield>
      <datafield tag="880" ind1=" " ind2=" ">
         <subfield code="6">260-04/</subfield>
         <subfield code="a">北京 :</subfield>
         <subfield code="b">科学出版社,</subfield>
         <subfield code="c">2011.</subfield>
      </datafield>
      <datafield tag="880" ind1=" " ind2=" ">
         <subfield code="6">500-05/</subfield>
         <subfield code="a">"教育部哲学社会科学研究重大课题攻关项目'中国早期文字与文化研究'成果之一."</subfield>
      </datafield>
      <datafield tag="880" ind1=" " ind2=" ">
         <subfield code="6">520-06/</subfield>
         <subfield code="a">本书以新出土的郭店楚简、上海博物馆藏战国楚简为切入点，结合马王堆汉墓帛书及传世儒家文献，对思孟学派的内圣外王思想体系进行综合研究。本书在界定思孟学派、确定研究资料的基础上，从"内圣"与"外王"两个方面对思孟学派的思想体系进行梳理，进而对二者之间的关系进行探讨，从而揭示出思孟学派在先秦时期作为一个学派的本来历史面貌及作为一种思想学说的整体学术风貌。最后，本书探讨了思孟学派对后世的影响及其学说在当代的价值 --</subfield>
         <subfield code="c">From t.p. verso.</subfield>
      </datafield>
      <datafield tag="880" ind1=" " ind2=" ">
         <subfield code="6">500-07/</subfield>
         <subfield code="a">"教育部哲学社会科学研究重大课题攻关项目'中国早期文字与文化研究'成果之一."</subfield>
      </datafield>
      <datafield tag="880" ind1="0" ind2="4">
         <subfield code="6">600-08/</subfield>
         <subfield code="a">子思,</subfield>
         <subfield code="d">483-402 B.C.</subfield>
      </datafield>
      <datafield tag="880" ind1="0" ind2="4">
         <subfield code="6">600-09/</subfield>
         <subfield code="a">孟子.</subfield>
      </datafield>
      <datafield tag="880" ind1=" " ind2="4">
         <subfield code="6">650-10/</subfield>
         <subfield code="a">Manuscripts, Chinese</subfield>
         <subfield code="z">China</subfield>
         <subfield code="z">荊門 (湖北)</subfield>
      </datafield>
      <datafield tag="994" ind1=" " ind2=" ">
         <subfield code="a">Z0</subfield>
         <subfield code="b">ZYU</subfield>
      </datafield>
      <datafield tag="OWN" ind1=" " ind2=" ">
         <subfield code="a">GENERAL</subfield>
      </datafield>
      <datafield tag="AVA" ind1=" " ind2=" ">
         <subfield code="a">NYU50</subfield>
         <subfield code="b">NISAW</subfield>
         <subfield code="c">Small Collection</subfield>
         <subfield code="d">B127.C65 X55 2011</subfield>
         <subfield code="e">available</subfield>
         <subfield code="t">Available</subfield>
         <subfield code="f">1</subfield>
         <subfield code="g">0</subfield>
         <subfield code="h">N</subfield>
         <subfield code="i">0</subfield>
         <subfield code="j">SMALL</subfield>
         <subfield code="k">0</subfield>
      </datafield>
      <marc:datafield tag="852" ind1=" " ind2=" ">
         <marc:subfield code="b">Institute for the Study of the Ancient World, </marc:subfield>
         <marc:subfield code="c">Small Collection</marc:subfield>
         <marc:subfield code="e">15 East 84th St., </marc:subfield>
         <marc:subfield code="e">New York, NY  10028</marc:subfield>
      </marc:datafield>
   </record>