
  
  
  
  
  
  
  
 
  
  <record xsi:schemaLocation="http://www.loc.gov/MARC21/slim http://www.loc.gov/standards/marcxml/schema/MARC21slim.xsd">
      <leader>00000cam  22003495a 4500</leader>
      <controlfield tag="FMT">BK</controlfield>
      <controlfield tag="LDR">00000cam  22003495a 4500</controlfield>
      <controlfield tag="001">004003852</controlfield>
      <controlfield tag="003">OCoLC</controlfield>
      <controlfield tag="005">20140620150506.0</controlfield>
      <controlfield tag="008">140619s1996    cc            001 0 chi d</controlfield>
      <datafield tag="020" ind1=" " ind2=" ">
         <subfield code="a">750100885X</subfield>
      </datafield>
      <datafield tag="020" ind1=" " ind2=" ">
         <subfield code="a">9787501008858</subfield>
      </datafield>
      <datafield tag="035" ind1=" " ind2=" ">
         <subfield code="a">(OCoLC)610389149</subfield>
      </datafield>
      <datafield tag="040" ind1=" " ind2=" ">
         <subfield code="a">IL4I4</subfield>
         <subfield code="b">eng</subfield>
         <subfield code="c">IL4I4</subfield>
         <subfield code="d">NNU</subfield>
      </datafield>
      <datafield tag="050" ind1=" " ind2="4">
         <subfield code="a">DS797.84.T858</subfield>
         <subfield code="b">T82 1996</subfield>
      </datafield>
      <datafield tag="066" ind1=" " ind2=" ">
         <subfield code="c">$1</subfield>
      </datafield>
      <datafield tag="100" ind1="1" ind2=" ">
         <subfield code="a">Li, Fang,</subfield>
         <subfield code="d">1955-</subfield>
         <subfield code="6">880-01</subfield>
      </datafield>
      <datafield tag="245" ind1="1" ind2="0">
         <subfield code="6">880-02</subfield>
         <subfield code="a">Tulufan chu tu wen shu ren ming di ming suo yin /</subfield>
         <subfield code="c">Li Fang ; Wang Su bian.</subfield>
      </datafield>
      <datafield tag="260" ind1=" " ind2=" ">
         <subfield code="6">880-03</subfield>
         <subfield code="a">Beijing :</subfield>
         <subfield code="b">Wen wu chu ban she,</subfield>
         <subfield code="c">1996.</subfield>
      </datafield>
      <datafield tag="300" ind1=" " ind2=" ">
         <subfield code="a">1, 8, 487 p. ;</subfield>
         <subfield code="c">22 cm.</subfield>
      </datafield>
      <datafield tag="520" ind1=" " ind2=" ">
         <subfield code="6">880-04</subfield>
         <subfield code="a">Ben shu gen ju Wen wu chu ban she "Tulufan chu tu wen shu" bian zhi, zhi shou ji wen shu zhong chu xian de Shi liu guo zhi Tang de ren ming, di ming, jian shou yuan shu mu jie, ti jie, zhu shi suo yin tong mu chu tu mu biao, mu zhi zhong de ren ming he wen shu yin wen zhong de di ming.</subfield>
      </datafield>
      <datafield tag="650" ind1=" " ind2="0">
         <subfield code="a">Manuscripts, Chinese</subfield>
         <subfield code="z">China</subfield>
         <subfield code="z">Turpan Diqu</subfield>
         <subfield code="v">Indexes.</subfield>
      </datafield>
      <datafield tag="650" ind1=" " ind2="0">
         <subfield code="a">Names, Geographical</subfield>
         <subfield code="z">China</subfield>
         <subfield code="v">Indexes.</subfield>
      </datafield>
      <datafield tag="650" ind1=" " ind2="0">
         <subfield code="a">Names, Personal</subfield>
         <subfield code="z">China</subfield>
         <subfield code="z">Turpan Diqu</subfield>
         <subfield code="v">Indexes.</subfield>
      </datafield>
      <datafield tag="651" ind1=" " ind2="0">
         <subfield code="a">Turpan Diqu (China)</subfield>
         <subfield code="v">Sources</subfield>
         <subfield code="v">Indexes.</subfield>
      </datafield>
      <datafield tag="700" ind1="1" ind2=" ">
         <subfield code="a">Wang, Su</subfield>
         <subfield code="6">880-05</subfield>
      </datafield>
      <datafield tag="880" ind1="1" ind2=" ">
         <subfield code="6">100-01/</subfield>
         <subfield code="a">李方,</subfield>
         <subfield code="d">1955-</subfield>
      </datafield>
      <datafield tag="880" ind1="1" ind2="0">
         <subfield code="6">245-02/</subfield>
         <subfield code="a">吐魯番出土文書人名地名索引 /</subfield>
         <subfield code="c">李方 ; 王素編.</subfield>
      </datafield>
      <datafield tag="880" ind1=" " ind2=" ">
         <subfield code="6">260-03/</subfield>
         <subfield code="a">北京 :</subfield>
         <subfield code="b">文物出版社,</subfield>
         <subfield code="c">1996.</subfield>
      </datafield>
      <datafield tag="880" ind1=" " ind2=" ">
         <subfield code="6">520-04/</subfield>
         <subfield code="a">本书根据文物出版社的《吐鲁番出土文书》编制, 只收集文书中出现的十六国至唐的人名,地名,兼收原书墓解, 题解, 注释所引同墓出土墓表, 墓志中的人名和文书印文中的地名.</subfield>
      </datafield>
      <datafield tag="880" ind1="1" ind2=" ">
         <subfield code="6">700-05/</subfield>
         <subfield code="a">王素</subfield>
      </datafield>
      <datafield tag="994" ind1=" " ind2=" ">
         <subfield code="a">Z0</subfield>
         <subfield code="b">ZYU</subfield>
      </datafield>
      <datafield tag="OWN" ind1=" " ind2=" ">
         <subfield code="a">GENERAL</subfield>
      </datafield>
      <datafield tag="AVA" ind1=" " ind2=" ">
         <subfield code="a">NYU50</subfield>
         <subfield code="b">NISAW</subfield>
         <subfield code="c">Small Collection</subfield>
         <subfield code="d">DS797.84.T858 T82 1996</subfield>
         <subfield code="e">available</subfield>
         <subfield code="t">Available</subfield>
         <subfield code="f">1</subfield>
         <subfield code="g">0</subfield>
         <subfield code="h">N</subfield>
         <subfield code="i">0</subfield>
         <subfield code="j">SMALL</subfield>
         <subfield code="k">0</subfield>
      </datafield>
      <marc:datafield tag="852" ind1=" " ind2=" ">
         <marc:subfield code="b">Institute for the Study of the Ancient World, </marc:subfield>
         <marc:subfield code="c">Small Collection</marc:subfield>
         <marc:subfield code="e">15 East 84th St., </marc:subfield>
         <marc:subfield code="e">New York, NY  10028</marc:subfield>
      </marc:datafield>
   </record>