
  
  
  
  
  
 
  
  <record xsi:schemaLocation="http://www.loc.gov/MARC21/slim http://www.loc.gov/standards/marcxml/schema/MARC21slim.xsd">
      <leader>00000cam  22005655  4500</leader>
      <controlfield tag="FMT">BK</controlfield>
      <controlfield tag="LDR">00000cam  22005655  4500</controlfield>
      <controlfield tag="001">004004560</controlfield>
      <controlfield tag="003">OCoLC</controlfield>
      <controlfield tag="005">20140812132813.0</controlfield>
      <controlfield tag="008">140620s2011    cc ab    b    000 0 chi d</controlfield>
      <datafield tag="020" ind1=" " ind2=" ">
         <subfield code="a">9787030308535</subfield>
      </datafield>
      <datafield tag="020" ind1=" " ind2=" ">
         <subfield code="a">7030308530</subfield>
      </datafield>
      <datafield tag="035" ind1=" " ind2=" ">
         <subfield code="a">(OCoLC)730034438</subfield>
      </datafield>
      <datafield tag="040" ind1=" " ind2=" ">
         <subfield code="a">BCBTC</subfield>
         <subfield code="c">BCBTC</subfield>
         <subfield code="d">CNPIT</subfield>
         <subfield code="d">STF</subfield>
         <subfield code="d">CCHGZ</subfield>
         <subfield code="d">OCLCF</subfield>
         <subfield code="d">NNU</subfield>
      </datafield>
      <datafield tag="043" ind1=" " ind2=" ">
         <subfield code="a">a-ccy--</subfield>
      </datafield>
      <datafield tag="050" ind1=" " ind2="4">
         <subfield code="a">DS793.Y3</subfield>
         <subfield code="b">C35 2011</subfield>
      </datafield>
      <datafield tag="066" ind1=" " ind2=" ">
         <subfield code="c">$1</subfield>
      </datafield>
      <datafield tag="100" ind1="1" ind2=" ">
         <subfield code="6">880-01</subfield>
         <subfield code="a">Cai, Jinying.</subfield>
      </datafield>
      <datafield tag="245" ind1="1" ind2="0">
         <subfield code="6">880-02</subfield>
         <subfield code="a">Sanxia gu dai ju luo xing tai yan jiu /</subfield>
         <subfield code="c">Cai Jinying zhu.</subfield>
      </datafield>
      <datafield tag="246" ind1="1" ind2="5">
         <subfield code="a">Research on the ancient settlement patterns of the Three Gorges</subfield>
      </datafield>
      <datafield tag="250" ind1=" " ind2=" ">
         <subfield code="6">880-03</subfield>
         <subfield code="a">Di 1 ban.</subfield>
      </datafield>
      <datafield tag="260" ind1=" " ind2=" ">
         <subfield code="6">880-04</subfield>
         <subfield code="a">Beijing :</subfield>
         <subfield code="b">Ke xue chu ban she,</subfield>
         <subfield code="c">2011.</subfield>
      </datafield>
      <datafield tag="300" ind1=" " ind2=" ">
         <subfield code="a">ix, 283 p. :</subfield>
         <subfield code="b">ill., maps ;</subfield>
         <subfield code="c">31 cm.</subfield>
      </datafield>
      <datafield tag="490" ind1="1" ind2=" ">
         <subfield code="6">880-05</subfield>
         <subfield code="a">Changjiang Sanxia gong cheng wen wu bao hu xiang mu bao gao. Wu zhong =</subfield>
         <subfield code="a">Reports on the cultural relics conservation in the Three Gorges Dam Project E (monographs) ;</subfield>
         <subfield code="v">Di 8 hao Reports on the cultural relics conservation in the Three Dam Gorges Project E (monographs)</subfield>
      </datafield>
      <datafield tag="504" ind1=" " ind2=" ">
         <subfield code="a">Includes bibliographical references.</subfield>
      </datafield>
      <datafield tag="520" ind1=" " ind2=" ">
         <subfield code="6">880-06</subfield>
         <subfield code="a">Ben shu zai Yu Xiyun "Ba shi: yi Sanxia kao gu wei zheng" jia gou de shi kong kuang jia ji chu shang, xi tong de shu li le ge shi qi wen hua yi cun de ju luo fen bu he ju luo nei bu jie gou qing kuang, fen xi le mu di yu ju zhi zhi jia de guan xi, jie shi le mu zang deng yi ji fan ying de she hui jie gou. Tong guo dui Sanxia ju luo de jie xi, wo men ke yi kang chu Sanxia di qu de wen hua fa zhan you zhe zi ji du te de fang shi, er bu neng jian dan de ren wei Sanxia di qu nie yi zhi deng ji di, wen hua shui ping luo hou. Sanxia di qu de wen hua xue zhe zi ji de yi ge you yi ge zhi zhan chuan di zhe zhong xin di qu de wen hua, wen ming huo wu zhi xin xi, jin er zhu jian wan cheng zi ji de she hui fu za hua he wen ming hua de jin cheng.</subfield>
      </datafield>
      <datafield tag="651" ind1=" " ind2="0">
         <subfield code="a">Yangtze River Gorges (China)</subfield>
         <subfield code="x">Antiquities.</subfield>
      </datafield>
      <datafield tag="651" ind1=" " ind2="0">
         <subfield code="a">Yangtze River Gorges (China)</subfield>
         <subfield code="x">Civilization.</subfield>
      </datafield>
      <datafield tag="651" ind1=" " ind2="0">
         <subfield code="a">Yangtze River Gorges (China)</subfield>
         <subfield code="x">History.</subfield>
      </datafield>
      <datafield tag="650" ind1=" " ind2="7">
         <subfield code="a">Antiquities.</subfield>
         <subfield code="2">fast</subfield>
         <subfield code="0">(OCoLC)fst00810745</subfield>
      </datafield>
      <datafield tag="650" ind1=" " ind2="7">
         <subfield code="a">Civilization.</subfield>
         <subfield code="2">fast</subfield>
         <subfield code="0">(OCoLC)fst00862898</subfield>
      </datafield>
      <datafield tag="651" ind1=" " ind2="7">
         <subfield code="a">China</subfield>
         <subfield code="z">Yangtze River Gorges.</subfield>
         <subfield code="2">fast</subfield>
         <subfield code="0">(OCoLC)fst01243803</subfield>
      </datafield>
      <datafield tag="655" ind1=" " ind2="7">
         <subfield code="a">History.</subfield>
         <subfield code="2">fast</subfield>
         <subfield code="0">(OCoLC)fst01411628</subfield>
      </datafield>
      <datafield tag="880" ind1="1" ind2=" ">
         <subfield code="6">100-01/</subfield>
         <subfield code="a">蔡金英.</subfield>
      </datafield>
      <datafield tag="880" ind1="1" ind2="0">
         <subfield code="6">245-02/</subfield>
         <subfield code="a">三峡古代聚落形态研究 /</subfield>
         <subfield code="c">蔡金英著.</subfield>
      </datafield>
      <datafield tag="880" ind1=" " ind2=" ">
         <subfield code="6">250-03/</subfield>
         <subfield code="a">第1版.</subfield>
      </datafield>
      <datafield tag="880" ind1=" " ind2=" ">
         <subfield code="6">260-04/</subfield>
         <subfield code="a">北京 :</subfield>
         <subfield code="b">科学出版社,</subfield>
         <subfield code="c">2011.</subfield>
      </datafield>
      <datafield tag="880" ind1="1" ind2=" ">
         <subfield code="6">490-05/</subfield>
         <subfield code="a">长江三峡工程文物保护项目报告. 戊种 =</subfield>
         <subfield code="a">Reports on the cultural relics conservation in the Three Gorges Dam Project E (monographs) ;</subfield>
         <subfield code="v">第8号</subfield>
      </datafield>
      <datafield tag="880" ind1=" " ind2=" ">
         <subfield code="6">520-06/</subfield>
         <subfield code="a">本书在余西云《巴史:以三峡考古为证》建构的时空框架基础上,系统地梳理了各时期文化遗存的聚落分布和聚落内部结构情况,分析了墓地与居址之间的关系,揭示了墓葬等遗迹反映的社会结构.通过对三峡聚落的解析,我们可以看出三峡地区的文化发展有着自己独特的方式,而不能简单的认为三峡地区内遗址等级低,文化水平落后.三峡地区的文化循着自己的一个又一个驿站传递着中心地区的文化,文明或物质信息,进而逐渐完成自己的社会复杂化和文明化进程.</subfield>
      </datafield>
      <datafield tag="830" ind1=" " ind2="0">
         <subfield code="6">880-07</subfield>
         <subfield code="a">Changjiang sanxia gong cheng wen wu bao hu xiang mu bao gao.</subfield>
         <subfield code="n">Wu zhong</subfield>
         <subfield code="v">Di 8 hao.</subfield>
      </datafield>
      <datafield tag="880" ind1=" " ind2="0">
         <subfield code="6">830-07/</subfield>
         <subfield code="a">长江三峡工程文物保护项目报告.</subfield>
         <subfield code="n">戊种</subfield>
         <subfield code="v">第8号.</subfield>
      </datafield>
      <datafield tag="994" ind1=" " ind2=" ">
         <subfield code="a">Z0</subfield>
         <subfield code="b">ZYU</subfield>
      </datafield>
      <datafield tag="OWN" ind1=" " ind2=" ">
         <subfield code="a">GENERAL</subfield>
      </datafield>
      <datafield tag="AVA" ind1=" " ind2=" ">
         <subfield code="a">NYU50</subfield>
         <subfield code="b">NISAW</subfield>
         <subfield code="c">Oversize Collection</subfield>
         <subfield code="d">DS793.Y3 C35 2011</subfield>
         <subfield code="e">available</subfield>
         <subfield code="t">Available</subfield>
         <subfield code="f">1</subfield>
         <subfield code="g">0</subfield>
         <subfield code="h">N</subfield>
         <subfield code="i">0</subfield>
         <subfield code="j">OVERZ</subfield>
         <subfield code="k">0</subfield>
      </datafield>
      <marc:datafield tag="852" ind1=" " ind2=" ">
         <marc:subfield code="b">Institute for the Study of the Ancient World, </marc:subfield>
         <marc:subfield code="c">Oversize Collection</marc:subfield>
         <marc:subfield code="e">15 East 84th St., </marc:subfield>
         <marc:subfield code="e">New York, NY  10028</marc:subfield>
      </marc:datafield>
   </record>