
  
  
  
  
  
 
  
  <record xsi:schemaLocation="http://www.loc.gov/MARC21/slim http://www.loc.gov/standards/marcxml/schema/MARC21slim.xsd">
      <leader>00000cam a2200277 a 45M</leader>
      <controlfield tag="FMT">BK</controlfield>
      <controlfield tag="LDR">00000cam a2200277 a 45M</controlfield>
      <controlfield tag="001">000735558</controlfield>
      <controlfield tag="003">NNU</controlfield>
      <controlfield tag="005">20140627135608.0</controlfield>
      <controlfield tag="008">011106s2001    enkabce  b    011 0 eng</controlfield>
      <datafield tag="020" ind1=" " ind2=" ">
         <subfield code="a">1841272574</subfield>
      </datafield>
      <datafield tag="035" ind1="9" ind2=" ">
         <subfield code="a">NYUb12524565</subfield>
      </datafield>
      <datafield tag="035" ind1=" " ind2=" ">
         <subfield code="a">(OCoLC)ocm48369498</subfield>
      </datafield>
      <datafield tag="040" ind1=" " ind2=" ">
         <subfield code="a">CBS</subfield>
         <subfield code="c">CBS</subfield>
         <subfield code="d">UIU</subfield>
         <subfield code="d">NNU</subfield>
      </datafield>
      <datafield tag="043" ind1=" " ind2=" ">
         <subfield code="a">a-is---</subfield>
         <subfield code="a">aw-----</subfield>
      </datafield>
      <datafield tag="050" ind1=" " ind2="4">
         <subfield code="a">DS111</subfield>
         <subfield code="b">.L348 2001</subfield>
      </datafield>
      <datafield tag="245" ind1="0" ind2="4">
         <subfield code="a">The land that I will show you :</subfield>
         <subfield code="b">essays on the history and archaeology of the ancient Near East in honour of J. Maxwell Miller /</subfield>
         <subfield code="c">edited by J. Andrew Dearman and M. Patrick Graham.</subfield>
      </datafield>
      <datafield tag="246" ind1="3" ind2="0">
         <subfield code="a">Essays on the history and archaeology of the ancient Near East in honour of J. Maxwell Miller</subfield>
      </datafield>
      <datafield tag="260" ind1=" " ind2=" ">
         <subfield code="a">Sheffield, England :</subfield>
         <subfield code="b">Sheffield Academic Press,</subfield>
         <subfield code="c">c2001.</subfield>
      </datafield>
      <datafield tag="300" ind1=" " ind2=" ">
         <subfield code="a">320 p. :</subfield>
         <subfield code="b">ill., maps, plans, port. ;</subfield>
         <subfield code="c">24 cm.</subfield>
      </datafield>
      <datafield tag="490" ind1="1" ind2=" ">
         <subfield code="a">Journal for the study of the Old Testament. Supplement series ;</subfield>
         <subfield code="v">343</subfield>
      </datafield>
      <datafield tag="504" ind1=" " ind2=" ">
         <subfield code="a">Includes bibliographical references and indexes.</subfield>
      </datafield>
      <datafield tag="500" ind1=" " ind2=" ">
         <subfield code="a">ISAW copy is from the Library of Hayim and Miriam Tadmor.</subfield>
         <subfield code="5">NNU</subfield>
      </datafield>
      <datafield tag="505" ind1="0" ind2="0">
         <subfield code="t">J. Maxwell Miller, scholar and teacher : a sketch /</subfield>
         <subfield code="r">J. Andrew Dearman --</subfield>
         <subfield code="t">Shifting the gaze : historiographic constraints in Chronicles and their implications /</subfield>
         <subfield code="r">Ehud Ben Zvi --</subfield>
         <subfield code="t">Projection for Israelite historiography : with a comparison between Qohelet and Nagarjuna /</subfield>
         <subfield code="r">Martin J. Buss --</subfield>
         <subfield code="t">Did Saulide-Davidic rivalry resurface in early Persian Yehud? /</subfield>
         <subfield code="r">Diana Edelman --</subfield>
         <subfield code="t">Beginning of the regnal year in Israel and Judah /</subfield>
         <subfield code="r">John H. Hayes --</subfield>
         <subfield code="t">Year of Josiah's death : 609 or 610 BCE? /</subfield>
         <subfield code="r">Paul K. Hooker, John H. Hayes --</subfield>
         <subfield code="t">Rise of the house of Jehu /</subfield>
         <subfield code="r">Stuart A. Irvine --</subfield>
         <subfield code="t">Solomon at Megiddo? /</subfield>
         <subfield code="r">Ernst Axel Knauf --</subfield>
         <subfield code="t">Šamši-ilu and the Realpolitik of Israel and Aram-Damascus in the eighth century BCE /</subfield>
         <subfield code="r">Jeffrey K. Kuan --</subfield>
         <subfield code="t">Typology of the Davidic covenant /</subfield>
         <subfield code="r">Steven L. McKenzie --</subfield>
         <subfield code="t">Absalom's daughter : an essay in vestige historiography /</subfield>
         <subfield code="r">Jack M. Sasson --</subfield>
         <subfield code="t">New evidence on Edom in the Neo-Babylonian and Persian periods /</subfield>
         <subfield code="r">Piotr Bienkowski --</subfield>
         <subfield code="t">Assyrian influence and changing technologies at Tall Jawa, Jordan /</subfield>
         <subfield code="r">P.M. Michèle Daviau --</subfield>
         <subfield code="t">Intellectual, the archaeologist, and the Bible /</subfield>
         <subfield code="r">Philip R. Davies --</subfield>
         <subfield code="t">Geography of the Exodus /</subfield>
         <subfield code="r">John Van Seters --</subfield>
         <subfield code="t">Qumran scrolls and textual reconstruction /</subfield>
         <subfield code="r">Phillip R. Callaway --</subfield>
         <subfield code="t">Mesha' and syntax /</subfield>
         <subfield code="r">Anson F. Rainey.</subfield>
      </datafield>
      <datafield tag="651" ind1=" " ind2="0">
         <subfield code="a">Palestine</subfield>
         <subfield code="x">Antiquities.</subfield>
      </datafield>
      <datafield tag="651" ind1=" " ind2="0">
         <subfield code="a">Palestine</subfield>
         <subfield code="x">History</subfield>
         <subfield code="y">To 70 A.D.</subfield>
      </datafield>
      <datafield tag="700" ind1="1" ind2=" ">
         <subfield code="a">Miller, J. Maxwell</subfield>
         <subfield code="q">(James Maxwell),</subfield>
         <subfield code="d">1937-</subfield>
      </datafield>
      <datafield tag="700" ind1="1" ind2=" ">
         <subfield code="a">Dearman, J. Andrew</subfield>
         <subfield code="q">(John Andrew),</subfield>
         <subfield code="d">1951-</subfield>
         <subfield code="e">ed.</subfield>
      </datafield>
      <datafield tag="700" ind1="1" ind2=" ">
         <subfield code="a">Graham, M. Patrick</subfield>
         <subfield code="q">(Matt Patrick),</subfield>
         <subfield code="d">1950-</subfield>
         <subfield code="e">ed.</subfield>
      </datafield>
      <datafield tag="796" ind1="1" ind2=" ">
         <subfield code="a">Tadmor, Hayim,</subfield>
         <subfield code="e">former owner.</subfield>
      </datafield>
      <datafield tag="796" ind1="1" ind2=" ">
         <subfield code="a">Tadmor, Miriam,</subfield>
         <subfield code="e">former owner.</subfield>
      </datafield>
      <datafield tag="797" ind1="2" ind2=" ">
         <subfield code="a">Tadmor Collection.</subfield>
      </datafield>
      <datafield tag="830" ind1=" " ind2="0">
         <subfield code="a">Journal for the study of the Old Testament.</subfield>
         <subfield code="p">Supplement series ;</subfield>
         <subfield code="v">343.</subfield>
      </datafield>
      <datafield tag="OWN" ind1=" " ind2=" ">
         <subfield code="a">GENERAL</subfield>
      </datafield>
      <datafield tag="AVA" ind1=" " ind2=" ">
         <subfield code="a">NYU50</subfield>
         <subfield code="b">BOBST</subfield>
         <subfield code="c">Main Collection</subfield>
         <subfield code="d">DS111 .L348 2001</subfield>
         <subfield code="e">unavailable</subfield>
         <subfield code="t">Unavailable</subfield>
         <subfield code="f">1</subfield>
         <subfield code="g">1</subfield>
         <subfield code="h">N</subfield>
         <subfield code="i">4</subfield>
         <subfield code="j">MAIN</subfield>
         <subfield code="k">0</subfield>
      </datafield>
      <datafield tag="AVA" ind1=" " ind2=" ">
         <subfield code="a">NYU50</subfield>
         <subfield code="b">NISAW</subfield>
         <subfield code="c">Small Collection</subfield>
         <subfield code="d">DS111 .L348 2001</subfield>
         <subfield code="e">available</subfield>
         <subfield code="t">Available</subfield>
         <subfield code="f">1</subfield>
         <subfield code="g">0</subfield>
         <subfield code="h">N</subfield>
         <subfield code="i">0</subfield>
         <subfield code="j">SMALL</subfield>
         <subfield code="k">0</subfield>
      </datafield>
      <marc:datafield tag="852" ind1=" " ind2=" ">
         <marc:subfield code="b">Institute for the Study of the Ancient World, </marc:subfield>
         <marc:subfield code="c">Small Collection</marc:subfield>
         <marc:subfield code="e">15 East 84th St., </marc:subfield>
         <marc:subfield code="e">New York, NY  10028</marc:subfield>
      </marc:datafield>
   </record>