
  
  
  
  
  
 
  
  <record xsi:schemaLocation="http://www.loc.gov/MARC21/slim http://www.loc.gov/standards/marcxml/schema/MARC21slim.xsd">
      <leader>00000cam a2200253 a 45M</leader>
      <controlfield tag="FMT">BK</controlfield>
      <controlfield tag="LDR">00000cam a2200253 a 45M</controlfield>
      <controlfield tag="001">001566694</controlfield>
      <controlfield tag="003">NNU</controlfield>
      <controlfield tag="005">20140627094255.0</controlfield>
      <controlfield tag="008">990916s1999    is       b    111 0 eng d</controlfield>
      <datafield tag="020" ind1=" " ind2=" ">
         <subfield code="a">9652240400 (hardback)</subfield>
      </datafield>
      <datafield tag="020" ind1=" " ind2=" ">
         <subfield code="a">9652240389 (pbk.)</subfield>
      </datafield>
      <datafield tag="035" ind1="9" ind2=" ">
         <subfield code="a">NYUb12066367</subfield>
      </datafield>
      <datafield tag="035" ind1=" " ind2=" ">
         <subfield code="a">(OCoLC)ocm42382329</subfield>
      </datafield>
      <datafield tag="040" ind1=" " ind2=" ">
         <subfield code="a">CUZ</subfield>
         <subfield code="c">CUZ</subfield>
         <subfield code="d">NNU</subfield>
      </datafield>
      <datafield tag="050" ind1=" " ind2="4">
         <subfield code="a">BP173.J8</subfield>
         <subfield code="b">J47 1999</subfield>
      </datafield>
      <datafield tag="050" ind1=" " ind2="4">
         <subfield code="a">BP173.J8</subfield>
         <subfield code="b">J49 1999</subfield>
      </datafield>
      <datafield tag="245" ind1="0" ind2="4">
         <subfield code="a">The Jewish discovery of Islam :</subfield>
         <subfield code="b">studies in honor of Bernard Lewis /</subfield>
         <subfield code="c">edited by Martin Kramer.</subfield>
      </datafield>
      <datafield tag="246" ind1="3" ind2="0">
         <subfield code="a">Studies in honor of Bernard Lewis</subfield>
      </datafield>
      <datafield tag="260" ind1=" " ind2=" ">
         <subfield code="a">Tel Aviv :</subfield>
         <subfield code="b">Moshe Dayan Center for Middle Eastern and African Studies, Tel Aviv University,</subfield>
         <subfield code="c">1999.</subfield>
      </datafield>
      <datafield tag="300" ind1=" " ind2=" ">
         <subfield code="a">viii, 311 p. ;</subfield>
         <subfield code="c">23 cm.</subfield>
      </datafield>
      <datafield tag="500" ind1=" " ind2=" ">
         <subfield code="a">"This volume brings together the presentations made at a conference entitled 'The Jewish discovery of Islam,' and convened at Tel Aviv University in June 1996 in celebration of Bernard Lewis on his eightieth birthday"--Pref.</subfield>
      </datafield>
      <datafield tag="500" ind1=" " ind2=" ">
         <subfield code="a">ISAW copy is from the Library of Hayim and Miriam Tadmor.</subfield>
         <subfield code="5">NNU</subfield>
      </datafield>
      <datafield tag="504" ind1=" " ind2=" ">
         <subfield code="a">Includes bibliographical references and index.</subfield>
      </datafield>
      <datafield tag="505" ind1="0" ind2="0">
         <subfield code="t">Introduction /</subfield>
         <subfield code="r">Martin Kramer --</subfield>
         <subfield code="t">Pedigree remembered, reconstruced, invented : Benjamin disraeli between East and West /</subfield>
         <subfield code="r">Minna Rozen --</subfield>
         <subfield code="t">"Jew" and Jesuit at the origins of Arabism : William Gifford Palgrave /</subfield>
         <subfield code="r">Benjamin Braude --</subfield>
         <subfield code="t">Arminius Vámbéry : identities in conflict /</subfield>
         <subfield code="r">Jacob M. Landau --</subfield>
         <subfield code="t">Abraham Geiger : a nineteenth-century Jewish reformer on the origins of Islam /</subfield>
         <subfield code="r">Jacob Lassner --</subfield>
         <subfield code="t">Ignaz Goldziher on Ernest Renan : from Orientalist philology to the study of Islam /</subfield>
         <subfield code="r">Lawrence I. Conrad --</subfield>
         <subfield code="t">Death of an Orientalist : Paul Kraus from Prague to Cairo /</subfield>
         <subfield code="r">Joel L. Kraemer --</subfield>
         <subfield code="t">Road from Mecca : Muhammad Asad (born Leopold Weiss) /</subfield>
         <subfield code="r">Martin Kramer --</subfield>
         <subfield code="t">Transplantation of Islamic studies from Europe to the Yishuv and Israel /</subfield>
         <subfield code="r">Hava Lazarus-Yafeh --</subfield>
         <subfield code="t">Interaction of Judaic and Islamic studies in the scholarship of S.M. Stern /</subfield>
         <subfield code="r">Shulamit Sela --</subfield>
         <subfield code="t">Evariste Lévi-Provençal and the historiography of Iberian Islam /</subfield>
         <subfield code="r">David J. Wasserstein.</subfield>
      </datafield>
      <datafield tag="600" ind1="1" ind2="0">
         <subfield code="a">Lewis, Bernard,</subfield>
         <subfield code="d">1916-</subfield>
      </datafield>
      <datafield tag="650" ind1=" " ind2="0">
         <subfield code="a">Islam</subfield>
         <subfield code="x">Relations</subfield>
         <subfield code="x">Judaism</subfield>
         <subfield code="v">Congresses.</subfield>
      </datafield>
      <datafield tag="650" ind1=" " ind2="0">
         <subfield code="a">Judaism</subfield>
         <subfield code="x">Relations</subfield>
         <subfield code="x">Islam</subfield>
         <subfield code="v">Congresses.</subfield>
      </datafield>
      <datafield tag="700" ind1="1" ind2=" ">
         <subfield code="a">Lewis, Bernard,</subfield>
         <subfield code="d">1916-</subfield>
      </datafield>
      <datafield tag="700" ind1="1" ind2=" ">
         <subfield code="a">Kramer, Martin S.</subfield>
         <subfield code="e">ed.</subfield>
      </datafield>
      <datafield tag="796" ind1="1" ind2=" ">
         <subfield code="a">Tadmor, Hayim,</subfield>
         <subfield code="e">former owner.</subfield>
      </datafield>
      <datafield tag="796" ind1="1" ind2=" ">
         <subfield code="a">Tadmor, Miriam,</subfield>
         <subfield code="e">former owner.</subfield>
      </datafield>
      <datafield tag="797" ind1="2" ind2=" ">
         <subfield code="a">Tadmor Collection.</subfield>
      </datafield>
      <datafield tag="OWN" ind1=" " ind2=" ">
         <subfield code="a">GENERAL</subfield>
      </datafield>
      <datafield tag="AVA" ind1=" " ind2=" ">
         <subfield code="a">NYU50</subfield>
         <subfield code="b">BOBST</subfield>
         <subfield code="c">Main Collection</subfield>
         <subfield code="d">BP173.J8 J49 1999</subfield>
         <subfield code="e">available</subfield>
         <subfield code="t">Available</subfield>
         <subfield code="f">1</subfield>
         <subfield code="g">0</subfield>
         <subfield code="h">N</subfield>
         <subfield code="i">3</subfield>
         <subfield code="j">MAIN</subfield>
         <subfield code="k">0</subfield>
      </datafield>
      <datafield tag="AVA" ind1=" " ind2=" ">
         <subfield code="a">NYU50</subfield>
         <subfield code="b">NISAW</subfield>
         <subfield code="c">Small Collection</subfield>
         <subfield code="d">BP173.J8 J47 1999</subfield>
         <subfield code="e">available</subfield>
         <subfield code="t">Available</subfield>
         <subfield code="f">1</subfield>
         <subfield code="g">0</subfield>
         <subfield code="h">N</subfield>
         <subfield code="i">0</subfield>
         <subfield code="j">SMALL</subfield>
         <subfield code="k">0</subfield>
      </datafield>
      <marc:datafield tag="852" ind1=" " ind2=" ">
         <marc:subfield code="b">Institute for the Study of the Ancient World, </marc:subfield>
         <marc:subfield code="c">Small Collection</marc:subfield>
         <marc:subfield code="e">15 East 84th St., </marc:subfield>
         <marc:subfield code="e">New York, NY  10028</marc:subfield>
      </marc:datafield>
   </record>